@INPROCEEDINGS{srw-011,
   AUTHOR = {Sharma, Vasu and Kulshreshtha, Rajat and Singh, Puneet and Agrawal, Nishant and Kumar, Akshay},
   SORTNAME = {Sharma, Vasu and Kulshreshtha, Rajat and Singh, Puneet and Agrawal, Nishant and Kumar, Akshay},
   TITLE = {Analyzing Newspaper Crime Reports for Identification of Safe Transit Paths}}
@INPROCEEDINGS{srw-012,
   AUTHOR = {Lambrou-Latreille, Konstantinos},
   SORTNAME = {Lambrou-Latreille, Konstantinos},
   TITLE = {Relation extraction pattern ranking using word similarity}}
@INPROCEEDINGS{srw-013,
   AUTHOR = {Jagfeld, Glorianna and van der Plas, Lonneke},
   SORTNAME = {Jagfeld, Glorianna and van der Plas, Lonneke},
   TITLE = {Towards a Better Semantic Role Labeling of Complex Predicates}}
@INPROCEEDINGS{srw-017,
   AUTHOR = {Nagesh, Ajay},
   SORTNAME = {Nagesh, Ajay},
   TITLE = {Exploring Relational Features and Learning under Distant Supervision for Information Extraction Tasks}}
@INPROCEEDINGS{srw-023,
   AUTHOR = {Deng, Lingjia},
   SORTNAME = {Deng, Lingjia},
   TITLE = {Entity/Event-Level Sentiment Detection and Inference}}
@INPROCEEDINGS{srw-024,
   AUTHOR = {Wilkinson, Bryan},
   SORTNAME = {Wilkinson, Bryan},
   TITLE = {Initial Steps for Building a Lexicon of Adjectives with Scalemates}}
@INPROCEEDINGS{srw-028,
   AUTHOR = {Vo, Ngoc Phuoc An and Popescu, Octavian},
   SORTNAME = {Vo, Ngoc Phuoc An and Popescu, Octavian},
   TITLE = {A Preliminary Evaluation of the Impact of Syntactic Structure in Semantic Textual Similarity and Semantic Relatedness Tasks}}
@INPROCEEDINGS{srw-029,
   AUTHOR = {Refaee, Eshrag and Rieser, Verena},
   SORTNAME = {Refaee, Eshrag and Rieser, Verena},
   TITLE = {Benchmarking Machine Translated Sentiment Analysis for Arabic Tweets}}
@INPROCEEDINGS{srw-030,
   AUTHOR = {Arroyo-Fern√°ndez, Ignacio},
   SORTNAME = {Arroyo-Fernandez, Ignacio},
   TITLE = {Learning Kernels for Semantic Clustering: A Deep Approach}}
@INPROCEEDINGS{srw-031,
   AUTHOR = {Yimam, Seid Muhie},
   SORTNAME = {Yimam, Seid Muhie},
   TITLE = {Narrowing the Loop: Integration of Resources and Linguistic Dataset Development with Interactive Machine Learning}}
@INPROCEEDINGS{srw-004,
   AUTHOR = {Wintrode, Jonathan},
   SORTNAME = {Wintrode, Jonathan},
   TITLE = {Cache-Augmented Latent Topic Language Models for Speech Retrieval}}
@INPROCEEDINGS{srw-040,
   AUTHOR = {Savenkov, Denis and Lu, Wei-Lwun and Dalton, Jeff and Agichtein, Eugene},
   SORTNAME = {Savenkov, Denis and Lu, Wei-Lwun and Dalton, Jeff and Agichtein, Eugene},
   TITLE = {Relation Extraction from Community Generated Question-Answer Pairs}}
@INPROCEEDINGS{srw-043,
   AUTHOR = {Eetemadi, Sauleh and Toutanova, Kristina},
   SORTNAME = {Eetemadi, Sauleh and Toutanova, Kristina},
   TITLE = {Detecting Translation Direction: A Cross-Domain Study}}
@INPROCEEDINGS{srw-047,
   AUTHOR = {Steele, David},
   SORTNAME = {Steele, David},
   TITLE = {Improving the Translation of Discourse Markers for Chinese into English}}
@INPROCEEDINGS{srw-049,
   AUTHOR = {Scarton, Carolina},
   SORTNAME = {Scarton, Carolina},
   TITLE = {Discourse and Document-level Information for Evaluating Language Output Tasks}}
@INPROCEEDINGS{srw-051,
   AUTHOR = {Poursabzi-Sangdeh, Forough and Boyd-Graber, Jordan},
   SORTNAME = {Poursabzi-Sangdeh, Forough and Boyd-Graber, Jordan},
   TITLE = {Speeding Document Annotation with Topic Models}}
@INPROCEEDINGS{srw-053,
   AUTHOR = {Chen, Zhiyuan},
   SORTNAME = {Chen, Zhiyuan},
   TITLE = {Lifelong Machine Learning for Topic Modeling and Beyond}}
@INPROCEEDINGS{srw-056,
   AUTHOR = {Jurczyk, Tomasz and Choi, Jinho D.},
   SORTNAME = {Jurczyk, Tomasz and Choi, Jinho D.},
   TITLE = {Semantics-based Graph Approach to Complex Question-Answering}}
@INPROCEEDINGS{srw-058,
   AUTHOR = {Sharma, Nidhi and Sharma, Richa and Biswas, Kanad K.},
   SORTNAME = {Sharma, Nidhi and Sharma, Richa and Biswas, Kanad K.},
   TITLE = {Recognizing Textual Entailment using Dependency Analysis and Machine Learning}}
@INPROCEEDINGS{srw-059,
   AUTHOR = {Gutierrez-Vasques, Ximena},
   SORTNAME = {Gutierrez-Vasques, Ximena},
   TITLE = {Bilingual lexicon extraction for a distant language pair using a small parallel corpus}}
@INPROCEEDINGS{srw-060,
   AUTHOR = {Lee, Jackson},
   SORTNAME = {Lee, Jackson},
   TITLE = {Morphological Paradigms: Computational Structure and Unsupervised Learning}}
@INPROCEEDINGS{srw-062,
   AUTHOR = {Ni, Aiming and Choi, Jinho D. and Shepard, Jason and Wolff, Phillip},
   SORTNAME = {Ni, Aiming and Choi, Jinho D. and Shepard, Jason and Wolff, Phillip},
   TITLE = {Computational Exploration to Linguistic Structures of Future: Classification and Categorization}}
@INPROCEEDINGS{srw-007,
   AUTHOR = {Paetzold, Gustavo},
   SORTNAME = {Paetzold, Gustavo},
   TITLE = {Reliable Lexical Simplification for Non-Native Speakers}}
