@INPROCEEDINGS{demos-011,
   AUTHOR = {Surdeanu, Mihai and Hicks, Tom and Valenzuela-Escarcega, Marco Antonio},
   SORTNAME = {Surdeanu, Mihai and Hicks, Tom and Valenzuela-Escarcega, Marco Antonio},
   TITLE = {Two Practical Rhetorical Structure Theory Parsers}}
@INPROCEEDINGS{demos-012,
   AUTHOR = {Martschat, Sebastian and Göckel, Thierry and Strube, Michael},
   SORTNAME = {Martschat, Sebastian and Gockel, Thierry and Strube, Michael},
   TITLE = {Analyzing and Visualizing Coreference Resolution Errors}}
@INPROCEEDINGS{demos-014,
   AUTHOR = {Kunchukuttan, Anoop and Puduppully, Ratish and Bhattacharyya, Pushpak},
   SORTNAME = {Kunchukuttan, Anoop and Puduppully, Ratish and Bhattacharyya, Pushpak},
   TITLE = {Brahmi-Net: A transliteration and script conversion system for languages of the Indian subcontinent}}
@INPROCEEDINGS{demos-016,
   AUTHOR = {Dreyer, Markus and Graehl, Jonathan},
   SORTNAME = {Dreyer, Markus and Graehl, Jonathan},
   TITLE = {hyp: A Toolkit for Representing, Manipulating, and Optimizing Hypergraphs}}
@INPROCEEDINGS{demos-019,
   AUTHOR = {Peng, Nanyun and Ferraro, Francis and Yu, Mo and Andrews, Nicholas and DeYoung, Jay and Thomas, Max and Gormley, Matthew R. and Wolfe, Travis and Harman, Craig and Van Durme, Benjamin and Dredze, Mark},
   SORTNAME = {Peng, Nanyun and Ferraro, Francis and Yu, Mo and Andrews, Nicholas and DeYoung, Jay and Thomas, Max and Gormley, Matthew R. and Wolfe, Travis and Harman, Craig and Van Durme, Benjamin and Dredze, Mark},
   TITLE = {A Concrete Chinese NLP Pipeline}}
@INPROCEEDINGS{demos-021,
   AUTHOR = {Soyer, Hubert and Topić, Goran and Stenetorp, Pontus and Aizawa, Akiko},
   SORTNAME = {Soyer, Hubert and Topic, Goran and Stenetorp, Pontus and Aizawa, Akiko},
   TITLE = {CroVeWA: Crosslingual Vector-Based Writing Assistance}}
@INPROCEEDINGS{demos-023,
   AUTHOR = {Napolitano, Diane and Sheehan, Kathleen and Mundkowsky, Robert},
   SORTNAME = {Napolitano, Diane and Sheehan, Kathleen and Mundkowsky, Robert},
   TITLE = {Online Readability and Text Complexity Analysis with TextEvaluator}}
@INPROCEEDINGS{demos-028,
   AUTHOR = {Luo, Wencan and Fan, Xiangmin and Menekse, Muhsin and Wang, Jingtao and Litman, Diane},
   SORTNAME = {Luo, Wencan and Fan, Xiangmin and Menekse, Muhsin and Wang, Jingtao and Litman, Diane},
   TITLE = {Enhancing Instructor-Student and Student-Student Interactions with Mobile Interfaces and Summarization}}
@INPROCEEDINGS{demos-029,
   AUTHOR = {Kríž, Vincent and Hladka, Barbora},
   SORTNAME = {Kriz, Vincent and Hladka, Barbora},
   TITLE = {RExtractor: a Robust Information Extractor}}
@INPROCEEDINGS{demos-031,
   AUTHOR = {Vanderwende, Lucy and Menezes, Arul and Quirk, Chris},
   SORTNAME = {Vanderwende, Lucy and Menezes, Arul and Quirk, Chris},
   TITLE = {An AMR parser for English, French, German, Spanish and Japanese and a new AMR-annotated corpus}}
@INPROCEEDINGS{demos-034,
   AUTHOR = {He, Yifan and Grishman, Ralph},
   SORTNAME = {He, Yifan and Grishman, Ralph},
   TITLE = {ICE: Rapid Information Extraction Customization for NLP Novices}}
@INPROCEEDINGS{demos-035,
   AUTHOR = {Saphra, Naomi and Lopez, Adam},
   SORTNAME = {Saphra, Naomi and Lopez, Adam},
   TITLE = {AMRICA: an AMR Inspector for Cross-language Alignments}}
@INPROCEEDINGS{demos-037,
   AUTHOR = {Song, Dezhao and Schilder, Frank and Smiley, Charese and Brew, Chris},
   SORTNAME = {Song, Dezhao and Schilder, Frank and Smiley, Charese and Brew, Chris},
   TITLE = {Natural Language Question Answering and Analytics for Diverse and Interlinked Datasets}}
@INPROCEEDINGS{demos-038,
   AUTHOR = {Oda, Yusuke and Neubig, Graham and Sakti, Sakriani and Toda, Tomoki and Nakamura, Satoshi},
   SORTNAME = {Oda, Yusuke and Neubig, Graham and Sakti, Sakriani and Toda, Tomoki and Nakamura, Satoshi},
   TITLE = {Ckylark: A More Robust PCFG-LA Parser}}
@INPROCEEDINGS{demos-004,
   AUTHOR = {Yao, Xuchen},
   SORTNAME = {Yao, Xuchen},
   TITLE = {Lean Question Answering over Freebase from Scratch}}
@INPROCEEDINGS{demos-040,
   AUTHOR = {Ruiz, Pablo and Poibeau, Thierry and Mélanie, Fréderique},
   SORTNAME = {Ruiz, Pablo and Poibeau, Thierry and Melanie, Frederique},
   TITLE = {ELCO3: Entity Linking with Corpus Coherence Combining Open Source Annotators}}
@INPROCEEDINGS{demos-046,
   AUTHOR = {Luotolahti, Juhani and Kanerva, Jenna and Pyysalo, Sampo and Ginter, Filip},
   SORTNAME = {Luotolahti, Juhani and Kanerva, Jenna and Pyysalo, Sampo and Ginter, Filip},
   TITLE = {SETS: Scalable and Efficient Tree Search in Dependency Graphs}}
@INPROCEEDINGS{demos-005,
   AUTHOR = {Reddy, Sravana and Stanford, James},
   SORTNAME = {Reddy, Sravana and Stanford, James},
   TITLE = {A Web Application for Automated Dialect Analysis}}
@INPROCEEDINGS{demos-051,
   AUTHOR = {Chang, Jim and Chang, Jason},
   SORTNAME = {Chang, Jim and Chang, Jason},
   TITLE = {WriteAhead2: Mining Lexical Grammar Patterns for Assisted Writing}}
@INPROCEEDINGS{demos-055,
   AUTHOR = {Park, Seonyeong and Kwon, Soonchoul and Kim, Byungsoo and Han, Sangdo and Shim, Hyosup and Lee, Gary Geunbae},
   SORTNAME = {Park, Seonyeong and Kwon, Soonchoul and Kim, Byungsoo and Han, Sangdo and Shim, Hyosup and Lee, Gary Geunbae},
   TITLE = {Question Answering System using Multiple Information Source and Open Type Answer Merge}}
@INPROCEEDINGS{demos-057,
   AUTHOR = {Azab, Mahmoud and Hokamp, Chris and Mihalcea, Rada},
   SORTNAME = {Azab, Mahmoud and Hokamp, Chris and Mihalcea, Rada},
   TITLE = {Using Word Semantics To Assist English as a Second Language Learners}}
@INPROCEEDINGS{demos-059,
   AUTHOR = {Soler-Company, Juan and Ballesteros, Miguel and Bohnet, Bernd and Mille, Simon and Wanner, Leo},
   SORTNAME = {Soler-Company, Juan and Ballesteros, Miguel and Bohnet, Bernd and Mille, Simon and Wanner, Leo},
   TITLE = {Visualizing Deep-Syntactic Parser Output}}
@INPROCEEDINGS{demos-061,
   AUTHOR = {Singh, Sameer and Rocktäschel, Tim and Hewitt, Luke and Naradowsky, Jason and Riedel, Sebastian},
   SORTNAME = {Singh, Sameer and Rocktaschel, Tim and Hewitt, Luke and Naradowsky, Jason and Riedel, Sebastian},
   TITLE = {WOLFE: An NLP-friendly Declarative Machine Learning Stack}}
@INPROCEEDINGS{demos-009,
   AUTHOR = {Pilehvar, Mohammad Taher and Navigli, Roberto},
   SORTNAME = {Pilehvar, Mohammad Taher and Navigli, Roberto},
   TITLE = {An Open-source Framework for Multi-level Semantic Similarity Measurement}}
