@INPROCEEDINGS{argmining-010,
   AUTHOR = {Sobhani, Parinaz and Inkpen, Diana and Matwin, Stan},
   SORTNAME = {Sobhani, Parinaz and Inkpen, Diana and Matwin, Stan},
   TITLE = {From Argumentation Mining to Stance Classification}}
@INPROCEEDINGS{argmining-011,
   AUTHOR = {Nguyen, Huy and Litman, Diane},
   SORTNAME = {Nguyen, Huy and Litman, Diane},
   TITLE = {Extracting Argument and Domain Words for Identifying Argument Components in Texts}}
@INPROCEEDINGS{argmining-012,
   AUTHOR = {Peldszus, Andreas and Stede, Manfred},
   SORTNAME = {Peldszus, Andreas and Stede, Manfred},
   TITLE = {Towards Detecting Counter-considerations in Text}}
@INPROCEEDINGS{argmining-013,
   AUTHOR = {Oraby, Shereen and Reed, Lena and Compton, Ryan and Riloff, Ellen and Walker, Marilyn and Whittaker, Steve},
   SORTNAME = {Oraby, Shereen and Reed, Lena and Compton, Ryan and Riloff, Ellen and Walker, Marilyn and Whittaker, Steve},
   TITLE = {And That's A Fact: Distinguishing Factual and Emotional Argumentation in Online Dialogue}}
@INPROCEEDINGS{argmining-014,
   AUTHOR = {Lawrence, John and Reed, Chris},
   SORTNAME = {Lawrence, John and Reed, Chris},
   TITLE = {Combining Argument Mining Techniques}}
@INPROCEEDINGS{argmining-015,
   AUTHOR = {Sardianos, Christos and Katakis, Ioannis Manousos and Petasis, Georgios and Karkaletsis, Vangelis},
   SORTNAME = {Sardianos, Christos and Katakis, Ioannis Manousos and Petasis, Georgios and Karkaletsis, Vangelis},
   TITLE = {Argument Extraction from News}}
@INPROCEEDINGS{argmining-017,
   AUTHOR = {Reisert, Paul and Inoue, Naoya and Okazaki, Naoaki and Inui, Kentaro},
   SORTNAME = {Reisert, Paul and Inoue, Naoya and Okazaki, Naoaki and Inui, Kentaro},
   TITLE = {A Computational Approach for Generating Toulmin Model Argumentation}}
@INPROCEEDINGS{argmining-018,
   AUTHOR = {Boltužić, Filip and Šnajder, Jan},
   SORTNAME = {Boltuzic, Filip and Snajder, Jan},
   TITLE = {Identifying Prominent Arguments in Online Debates Using Semantic Textual Similarity}}
@INPROCEEDINGS{argmining-019,
   AUTHOR = {Wyner, Adam and Peters, Wim and Price, David},
   SORTNAME = {Wyner, Adam and Peters, Wim and Price, David},
   TITLE = {Argument Discovery and Extraction with the Argument Workbench}}
@INPROCEEDINGS{argmining-020,
   AUTHOR = {Kiesel, Johannes and Al Khatib, Khalid and Hagen, Matthias and Stein, Benno},
   SORTNAME = {Kiesel, Johannes and Al Khatib, Khalid and Hagen, Matthias and Stein, Benno},
   TITLE = {A Shared Task on Argumentation Mining in Newspaper Editorials}}
@INPROCEEDINGS{argmining-021,
   AUTHOR = {Park, Joonsuk and Katiyar, Arzoo and Yang, Bishan},
   SORTNAME = {Park, Joonsuk and Katiyar, Arzoo and Yang, Bishan},
   TITLE = {Conditional Random Fields for Identifying Appropriate Types of Support for Propositions in Online User Comments}}
@INPROCEEDINGS{argmining-005,
   AUTHOR = {Carstens, Lucas and Toni, Francesca},
   SORTNAME = {Carstens, Lucas and Toni, Francesca},
   TITLE = {Towards relation based Argumentation Mining}}
@INPROCEEDINGS{argmining-006,
   AUTHOR = {Green, Nancy},
   SORTNAME = {Green, Nancy},
   TITLE = {Identifying Argumentation Schemes in Genetics Research Articles}}
@INPROCEEDINGS{argmining-007,
   AUTHOR = {Yanase, Toshihiko and Miyoshi, Toshinori and Yanai, Kohsuke and Sato, Misa and Iwayama, Makoto and Niwa, Yoshiki and Reisert, Paul and Inui, Kentaro},
   SORTNAME = {Yanase, Toshihiko and Miyoshi, Toshinori and Yanai, Kohsuke and Sato, Misa and Iwayama, Makoto and Niwa, Yoshiki and Reisert, Paul and Inui, Kentaro},
   TITLE = {Learning Sentence Ordering for Opinion Generation of Debate}}
@INPROCEEDINGS{argmining-008,
   AUTHOR = {Kirschner, Christian and Eckle-Kohler, Judith and Gurevych, Iryna},
   SORTNAME = {Kirschner, Christian and Eckle-Kohler, Judith and Gurevych, Iryna},
   TITLE = {Linking the Thoughts: Analysis of Argumentation Structures in Scientific Publications}}
@INPROCEEDINGS{argmining-009,
   AUTHOR = {Bilu, Yonatan and Hershcovich, Daniel and Slonim, Noam},
   SORTNAME = {Bilu, Yonatan and Hershcovich, Daniel and Slonim, Noam},
   TITLE = {Automatic Claim Negation: Why, How and When}}
