@INPROCEEDINGS{fever-009,
   AUTHOR = {BOUZIANE, Mostafa and Perrin, Hugo and Sadeq, Amine and Nguyen, Thanh and Cluzeau, Aurélien and Mardas, Julien},
   SORTNAME = {BOUZIANE, Mostafa and Perrin, Hugo and Sadeq, Amine and Nguyen, Thanh and Cluzeau, Aurelien and Mardas, Julien},
   TITLE = {FaBULOUS: Fact-checking Based on Understanding of Language Over Unstructured and Structured information}}
@INPROCEEDINGS{fever-011,
   AUTHOR = {Sathe, Aalok and Park, Joonsuk},
   SORTNAME = {Sathe, Aalok and Park, Joonsuk},
   TITLE = {Automatic Fact-Checking with Document-level Annotations using BERT and Multiple Instance Learning}}
@INPROCEEDINGS{fever-007,
   AUTHOR = {Mascarell, Laura and Ruzsics, Tatyana and Schneebeli, Christian and Schlattner, Philippe and Campanella, Luca and Klingler, Severin and Kadar, Cristina},
   SORTNAME = {Mascarell, Laura and Ruzsics, Tatyana and Schneebeli, Christian and Schlattner, Philippe and Campanella, Luca and Klingler, Severin and Kadar, Cristina},
   TITLE = {Stance Detection in German News Articles}}
@INPROCEEDINGS{fever-016,
   AUTHOR = {Aly, Rami and Guo, Zhijiang and Schlichtkrull, Michael Sejr and Thorne, James and Vlachos, Andreas and Christodoulopoulos, Christos and Cocarascu, Oana and Mittal, Arpit},
   SORTNAME = {Aly, Rami and Guo, Zhijiang and Schlichtkrull, Michael Sejr and Thorne, James and Vlachos, Andreas and Christodoulopoulos, Christos and Cocarascu, Oana and Mittal, Arpit},
   TITLE = {The Fact Extraction and VERification Over Unstructured and Structured information (FEVEROUS) Shared Task}}
@INPROCEEDINGS{fever-006,
   AUTHOR = {Gi, In-Zu and Fang, Ting-Yu and Tsai, Richard Tzong-Han},
   SORTNAME = {Gi, In-Zu and Fang, Ting-Yu and Tsai, Richard Tzong-Han},
   TITLE = {Verdict Inference with Claim and Retrieved Elements Using RoBERTa}}
@INPROCEEDINGS{fever-010,
   AUTHOR = {Funkquist, Martin},
   SORTNAME = {Funkquist, Martin},
   TITLE = {Combining sentence and table evidence to predict veracity of factual claims using TaPaS and RoBERTa}}
@INPROCEEDINGS{fever-004,
   AUTHOR = {Liu, Yang and Zhu, Chenguang and Zeng, Michael},
   SORTNAME = {Liu, Yang and Zhu, Chenguang and Zeng, Michael},
   TITLE = {Modeling Entity Knowledge for Fact Verification}}
@INPROCEEDINGS{fever-015,
   AUTHOR = {Temiz, Orkun and Kılıç, Özgün Ozan and Kızıldağ, Arif Ozan and Taşkaya Temizel, Tuğba},
   SORTNAME = {Temiz, Orkun and Kılıc, Ozgun Ozan and Kızıldag, Arif Ozan and Taskaya Temizel, Tugba},
   TITLE = {A Fact Checking and Verification System for FEVEROUS Using a Zero-Shot Learning Approach}}
@INPROCEEDINGS{fever-003,
   AUTHOR = {Kotonya, Neema and Spooner, Thomas and Magazzeni, Daniele and Toni, Francesca},
   SORTNAME = {Kotonya, Neema and Spooner, Thomas and Magazzeni, Daniele and Toni, Francesca},
   TITLE = {Graph Reasoning with Context-Aware Linearization for Interpretable Fact Extraction and Verification}}
@INPROCEEDINGS{fever-002,
   AUTHOR = {Stammbach, Dominik},
   SORTNAME = {Stammbach, Dominik},
   TITLE = {Evidence Selection as a Token-Level Prediction Task}}
@INPROCEEDINGS{fever-013,
   AUTHOR = {Saeed, Mohammed and Alfarano, Giulio and nguyen, Khai and Pham, Duc and Troncy, Raphael and Papotti, Paolo},
   SORTNAME = {Saeed, Mohammed and Alfarano, Giulio and nguyen, Khai and Pham, Duc and Troncy, Raphael and Papotti, Paolo},
   TITLE = {Neural Re-rankers for Evidence Retrieval in the FEVEROUS Task}}
@INPROCEEDINGS{fever-005,
   AUTHOR = {Malon, Christopher},
   SORTNAME = {Malon, Christopher},
   TITLE = {Team Papelo at FEVEROUS: Multi-hop Evidence Pursuit}}
@INPROCEEDINGS{fever-014,
   AUTHOR = {Mattern, Justus and Qiao, Yu and Kerz, Elma and Wiechmann, Daniel and Strohmaier, Markus},
   SORTNAME = {Mattern, Justus and Qiao, Yu and Kerz, Elma and Wiechmann, Daniel and Strohmaier, Markus},
   TITLE = {FANG-COVID: A New Large-Scale Benchmark Dataset for Fake News Detection in German}}
