@INPROCEEDINGS{conll-061,
   AUTHOR = {Dankers, Verna and Langedijk, Anna and McCurdy, Kate and Williams, Adina and Hupkes, Dieuwke},
   SORTNAME = {Dankers, Verna and Langedijk, Anna and McCurdy, Kate and Williams, Adina and Hupkes, Dieuwke},
   TITLE = {Generalising to German Plural Noun Classes, from the Perspective of a Recurrent Neural Network}}
@INPROCEEDINGS{conll-095,
   AUTHOR = {Kennington, Casey},
   SORTNAME = {Kennington, Casey},
   TITLE = {Enriching Language Models with Visually-grounded Word Vectors and the Lancaster Sensorimotor Norms}}
@INPROCEEDINGS{conll-092,
   AUTHOR = {Huebner, Philip A. and Sulem, Elior and Cynthia, Fisher and Roth, Dan},
   SORTNAME = {Huebner, Philip A. and Sulem, Elior and Cynthia, Fisher and Roth, Dan},
   TITLE = {BabyBERTa: Learning More Grammar With Small-Scale Child-Directed Language}}
@INPROCEEDINGS{conll-068,
   AUTHOR = {Hou, Yang and Zhou, Houquan and Li, Zhenghua and Zhang, Yu and Zhang, Min and Wang, Zhefeng and Huai, Baoxing and Yuan, Nicholas Jing},
   SORTNAME = {Hou, Yang and Zhou, Houquan and Li, Zhenghua and Zhang, Yu and Zhang, Min and Wang, Zhefeng and Huai, Baoxing and Yuan, Nicholas Jing},
   TITLE = {A Coarse-to-Fine Labeling Framework for Joint Word Segmentation, POS Tagging, and Constituent Parsing}}
@INPROCEEDINGS{conll-103,
   AUTHOR = {Latif, Siddique and Kim, Inyoung and Calapodescu, Ioan and Besacier, Laurent},
   SORTNAME = {Latif, Siddique and Kim, Inyoung and Calapodescu, Ioan and Besacier, Laurent},
   TITLE = {Controlling Prosody in End-to-End TTS: A Case Study on Contrastive Focus Generation}}
@INPROCEEDINGS{conll-168,
   AUTHOR = {Bharadwaj, Shikhar and Shevade, Shirish},
   SORTNAME = {Bharadwaj, Shikhar and Shevade, Shirish},
   TITLE = {Explainable Natural Language to Bash Translation using Abstract Syntax Tree}}
@INPROCEEDINGS{conll-150,
   AUTHOR = {Demeter, David and Downey, Doug},
   SORTNAME = {Demeter, David and Downey, Doug},
   TITLE = {Who's on First?: Probing the Learning and Representation Capabilities of Language Models on Deterministic Closed Domains}}
@INPROCEEDINGS{conll-032,
   AUTHOR = {Portelance, Eva and Frank, Michael C. and Jurafsky, Dan and Sordoni, Alessandro and Laroche, Romain},
   SORTNAME = {Portelance, Eva and Frank, Michael C. and Jurafsky, Dan and Sordoni, Alessandro and Laroche, Romain},
   TITLE = {The Emergence of the Shape Bias Results from Communicative Efficiency}}
@INPROCEEDINGS{conll-166,
   AUTHOR = {Chen, Shisong and Gu, Binbin and Qu, Jianfeng and Li, Zhixu and Liu, An and Zhao, Lei and Chen, Zhigang},
   SORTNAME = {Chen, Shisong and Gu, Binbin and Qu, Jianfeng and Li, Zhixu and Liu, An and Zhao, Lei and Chen, Zhigang},
   TITLE = {Tackling Zero Pronoun Resolution and Non-Zero Coreference Resolution Jointly}}
@INPROCEEDINGS{conll-056,
   AUTHOR = {Evert, Stefan and Lapesa, Gabriella},
   SORTNAME = {Evert, Stefan and Lapesa, Gabriella},
   TITLE = {FAST: A carefully sampled and cognitively motivated dataset for distributional semantic evaluation}}
@INPROCEEDINGS{conll-105,
   AUTHOR = {Popović, Maja},
   SORTNAME = {Popovic, Maja},
   TITLE = {Agree to Disagree: Analysis of Inter-Annotator Disagreements in Human Evaluation of Machine Translation Output}}
@INPROCEEDINGS{conll-134,
   AUTHOR = {Abdou, Mostafa and Kulmizev, Artur and Hershcovich, Daniel and Frank, Stella and Pavlick, Ellie and Søgaard, Anders},
   SORTNAME = {Abdou, Mostafa and Kulmizev, Artur and Hershcovich, Daniel and Frank, Stella and Pavlick, Ellie and Søgaard, Anders},
   TITLE = {Can Language Models Encode Perceptual Structure Without Grounding? A Case Study in Color}}
@INPROCEEDINGS{conll-094,
   AUTHOR = {Stowe, Kevin and Beck, Nils and Gurevych, Iryna},
   SORTNAME = {Stowe, Kevin and Beck, Nils and Gurevych, Iryna},
   TITLE = {Exploring Metaphoric Paraphrase Generation}}
@INPROCEEDINGS{conll-151,
   AUTHOR = {Su, Ruisi and Rijhwani, Shruti and Zhu, Hao and He, Junxian and Wang, Xinyu and Bisk, Yonatan and Neubig, Graham},
   SORTNAME = {Su, Ruisi and Rijhwani, Shruti and Zhu, Hao and He, Junxian and Wang, Xinyu and Bisk, Yonatan and Neubig, Graham},
   TITLE = {Dependency Induction Through the Lens of Visual Perception}}
@INPROCEEDINGS{conll-156,
   AUTHOR = {Ermolaeva, Marina},
   SORTNAME = {Ermolaeva, Marina},
   TITLE = {Deconstructing syntactic generalizations with minimalist grammars}}
@INPROCEEDINGS{conll-220,
   AUTHOR = {O'Neill, Emma and Kenny, Joe and Ventresque, Anthony and Carson-Berndsen, Julie},
   SORTNAME = {O'Neill, Emma and Kenny, Joe and Ventresque, Anthony and Carson-Berndsen, Julie},
   TITLE = {The Influence of Regional Pronunciation Variation on Children's Spelling and the Potential Benefits of Accent Adapted Spellcheckers}}
@INPROCEEDINGS{conll-174,
   AUTHOR = {Nag, Arijit and Samanta, Bidisha and Mukherjee, Animesh and Ganguly, Niloy and Chakrabarti, Soumen},
   SORTNAME = {Nag, Arijit and Samanta, Bidisha and Mukherjee, Animesh and Ganguly, Niloy and Chakrabarti, Soumen},
   TITLE = {A Data Bootstrapping Recipe for Low-Resource Multilingual Relation Classification}}
@INPROCEEDINGS{conll-173,
   AUTHOR = {Sineva, Elizaveta and Grünewald, Stefan and Friedrich, Annemarie and Kuhn, Jonas},
   SORTNAME = {Sineva, Elizaveta and Grunewald, Stefan and Friedrich, Annemarie and Kuhn, Jonas},
   TITLE = {Negation-Instance Based Evaluation of End-to-End Negation Resolution}}
@INPROCEEDINGS{conll-029,
   AUTHOR = {Bast, Hannah and Hertel, Matthias and Mohamed, Mostafa M.},
   SORTNAME = {Bast, Hannah and Hertel, Matthias and Mohamed, Mostafa M.},
   TITLE = {Tokenization Repair in the Presence of Spelling Errors}}
@INPROCEEDINGS{conll-016,
   AUTHOR = {Zhao, Yiyun and Ngui, Jian Gang and Hall Hartley, Lucy and Bethard, Steven},
   SORTNAME = {Zhao, Yiyun and Ngui, Jian Gang and Hall Hartley, Lucy and Bethard, Steven},
   TITLE = {Do pretrained transformers infer telicity like humans?}}
@INPROCEEDINGS{conll-073,
   AUTHOR = {Aina, Laura and Liao, Xixian and Boleda, Gemma and Westera, Matthijs},
   SORTNAME = {Aina, Laura and Liao, Xixian and Boleda, Gemma and Westera, Matthijs},
   TITLE = {Does referent predictability affect the choice of referential form? A computational approach using masked coreference resolution}}
@INPROCEEDINGS{conll-017,
   AUTHOR = {Hernandez, Evan and Andreas, Jacob},
   SORTNAME = {Hernandez, Evan and Andreas, Jacob},
   TITLE = {The Low-Dimensional Linear Geometry of Contextualized Word Representations}}
@INPROCEEDINGS{conll-144,
   AUTHOR = {Lent, Heather and Bugliarello, Emanuele and de Lhoneux, Miryam and Qiu, Chen and Søgaard, Anders},
   SORTNAME = {Lent, Heather and Bugliarello, Emanuele and de Lhoneux, Miryam and Qiu, Chen and Søgaard, Anders},
   TITLE = {On Language Models for Creoles}}
@INPROCEEDINGS{conll-008,
   AUTHOR = {Dunn, Jonathan and Tayyar Madabushi, Harish},
   SORTNAME = {Dunn, Jonathan and Tayyar Madabushi, Harish},
   TITLE = {Learned Construction Grammars Converge Across Registers Given Increased Exposure}}
@INPROCEEDINGS{conll-075,
   AUTHOR = {Gooding, Sian and Berzak, Yevgeni and Mak, Tony and Sharifi, Matt},
   SORTNAME = {Gooding, Sian and Berzak, Yevgeni and Mak, Tony and Sharifi, Matt},
   TITLE = {Predicting Text Readability from Scrolling Interactions}}
@INPROCEEDINGS{conll-044,
   AUTHOR = {Wang, Junxing and Li, Xinyi and Tan, Zhen and Zhao, Xiang and Xiao, Weidong},
   SORTNAME = {Wang, Junxing and Li, Xinyi and Tan, Zhen and Zhao, Xiang and Xiao, Weidong},
   TITLE = {Relation-aware Bidirectional Path Reasoning for Commonsense Question Answering}}
@INPROCEEDINGS{conll-128,
   AUTHOR = {Giulianelli, Mario and Fernández, Raquel},
   SORTNAME = {Giulianelli, Mario and Fernandez, Raquel},
   TITLE = {Analysing Human Strategies of Information Transmission as a Function of Discourse Context}}
@INPROCEEDINGS{conll-154,
   AUTHOR = {Liu, Chunhua and Cohn, Trevor and Frermann, Lea},
   SORTNAME = {Liu, Chunhua and Cohn, Trevor and Frermann, Lea},
   TITLE = {Commonsense Knowledge in Word Associations and ConceptNet}}
@INPROCEEDINGS{conll-100,
   AUTHOR = {Vanderlyn, Lindsey and Weber, Gianna and Neumann, Michael and Väth, Dirk and Meyer, Sarina and Vu, Ngoc Thang},
   SORTNAME = {Vanderlyn, Lindsey and Weber, Gianna and Neumann, Michael and Vath, Dirk and Meyer, Sarina and Vu, Ngoc Thang},
   TITLE = {``It seemed like an annoying woman'': On the Perception and Ethical Considerations of Affective Language in Text-Based Conversational Agents}}
@INPROCEEDINGS{conll-053,
   AUTHOR = {Liu, Qianchu and Liu, Fangyu and Collier, Nigel and Korhonen, Anna and Vulić, Ivan},
   SORTNAME = {Liu, Qianchu and Liu, Fangyu and Collier, Nigel and Korhonen, Anna and Vulic, Ivan},
   TITLE = {MirrorWiC: On Eliciting Word-in-Context Representations from Pretrained Language Models}}
@INPROCEEDINGS{conll-030,
   AUTHOR = {Weitz, Katharina and Vanderlyn, Lindsey and Vu, Ngoc Thang and André, Elisabeth},
   SORTNAME = {Weitz, Katharina and Vanderlyn, Lindsey and Vu, Ngoc Thang and Andre, Elisabeth},
   TITLE = {''It's our fault!'': Insights Into Users' Understanding and Interaction With an Explanatory Collaborative Dialog System}}
@INPROCEEDINGS{conll-164,
   AUTHOR = {Pratapa, Adithya and Liu, Zhengzhong and Hasegawa, Kimihiro and Li, Linwei and Yamakawa, Yukari and Zhang, Shikun and Mitamura, Teruko},
   SORTNAME = {Pratapa, Adithya and Liu, Zhengzhong and Hasegawa, Kimihiro and Li, Linwei and Yamakawa, Yukari and Zhang, Shikun and Mitamura, Teruko},
   TITLE = {Cross-document Event Identity via Dense Annotation}}
@INPROCEEDINGS{conll-155,
   AUTHOR = {Pandia, Lalchand and Cong, Yan and Ettinger, Allyson},
   SORTNAME = {Pandia, Lalchand and Cong, Yan and Ettinger, Allyson},
   TITLE = {Pragmatic competence of pre-trained language models through the lens of discourse connectives}}
@INPROCEEDINGS{conll-152,
   AUTHOR = {Deutsch, Daniel and Roth, Dan},
   SORTNAME = {Deutsch, Daniel and Roth, Dan},
   TITLE = {Understanding the Extent to which Content Quality Metrics Measure the Information Quality of Summaries}}
@INPROCEEDINGS{conll-101,
   AUTHOR = {Shahmohammadi, Hassan and Lensch, Hendrik P. A. and Baayen, R. Harald},
   SORTNAME = {Shahmohammadi, Hassan and Lensch, Hendrik P. A. and Baayen, R. Harald},
   TITLE = {Learning Zero-Shot Multifaceted Visually Grounded Word Embeddings via Multi-Task Training}}
@INPROCEEDINGS{conll-137,
   AUTHOR = {Kutuzov, Andrey and Pivovarova, Lidia and Giulianelli, Mario},
   SORTNAME = {Kutuzov, Andrey and Pivovarova, Lidia and Giulianelli, Mario},
   TITLE = {Grammatical Profiling for Semantic Change Detection}}
@INPROCEEDINGS{conll-108,
   AUTHOR = {Ravfogel, Shauli and Prasad, Grusha and Linzen, Tal and Goldberg, Yoav},
   SORTNAME = {Ravfogel, Shauli and Prasad, Grusha and Linzen, Tal and Goldberg, Yoav},
   TITLE = {Counterfactual Interventions Reveal the Causal Effect of Relative Clause Representations on Agreement Prediction}}
@INPROCEEDINGS{conll-063,
   AUTHOR = {Xie, Yubo and Pu, Pearl},
   SORTNAME = {Xie, Yubo and Pu, Pearl},
   TITLE = {Empathetic Dialog Generation with Fine-Grained Intents}}
@INPROCEEDINGS{conll-130,
   AUTHOR = {Parrish, Alicia and Schuster, Sebastian and Warstadt, Alex and Agha, Omar and Lee, Soo-Hwan and Zhao, Zhuoye and Bowman, Samuel R. and Linzen, Tal},
   SORTNAME = {Parrish, Alicia and Schuster, Sebastian and Warstadt, Alex and Agha, Omar and Lee, Soo-Hwan and Zhao, Zhuoye and Bowman, Samuel R. and Linzen, Tal},
   TITLE = {NOPE: A Corpus of Naturally-Occurring Presuppositions in English}}
@INPROCEEDINGS{conll-212,
   AUTHOR = {Belkebir, Riadh and Habash, Nizar},
   SORTNAME = {Belkebir, Riadh and Habash, Nizar},
   TITLE = {Automatic Error Type Annotation for Arabic}}
@INPROCEEDINGS{conll-225,
   AUTHOR = {Sood, Ekta and Kögel, Fabian and Strohm, Florian and Dhar, Prajit and Bulling, Andreas},
   SORTNAME = {Sood, Ekta and Kogel, Fabian and Strohm, Florian and Dhar, Prajit and Bulling, Andreas},
   TITLE = {VQA-MHUG: A Gaze Dataset to Study Multimodal Neural Attention in Visual Question Answering}}
@INPROCEEDINGS{conll-079,
   AUTHOR = {Li, Xia and He, Junyi},
   SORTNAME = {Li, Xia and He, Junyi},
   TITLE = {Data Augmentation of Incorporating Real Error Patterns and Linguistic Knowledge for Grammatical Error Correction}}
@INPROCEEDINGS{conll-112,
   AUTHOR = {Millet, Juliette and Chitoran, Ioana and Dunbar, Ewan},
   SORTNAME = {Millet, Juliette and Chitoran, Ioana and Dunbar, Ewan},
   TITLE = {Predicting non-native speech perception using the Perceptual Assimilation Model and state-of-the-art acoustic models}}
@INPROCEEDINGS{conll-115,
   AUTHOR = {Theodoropoulos, Christos and Henderson, James and Coman, Andrei Catalin and Moens, Marie-Francine},
   SORTNAME = {Theodoropoulos, Christos and Henderson, James and Coman, Andrei Catalin and Moens, Marie-Francine},
   TITLE = {Imposing Relation Structure in Language-Model Embeddings Using Contrastive Learning}}
@INPROCEEDINGS{conll-123,
   AUTHOR = {Devillers, Benjamin and Choksi, Bhavin and Bielawski, Romain and VanRullen, Rufin},
   SORTNAME = {Devillers, Benjamin and Choksi, Bhavin and Bielawski, Romain and VanRullen, Rufin},
   TITLE = {Does language help generalization in vision models?}}
@INPROCEEDINGS{conll-177,
   AUTHOR = {Song, Hoyun and Ryu, Soo Hyun and Lee, Huije and Park, Jong},
   SORTNAME = {Song, Hoyun and Ryu, Soo Hyun and Lee, Huije and Park, Jong},
   TITLE = {A Large-scale Comprehensive Abusiveness Detection Dataset with Multifaceted Labels from Reddit}}
@INPROCEEDINGS{conll-146,
   AUTHOR = {Ng, Edwin G. and Pang, Bo and Sharma, Piyush and Soricut, Radu},
   SORTNAME = {Ng, Edwin G. and Pang, Bo and Sharma, Piyush and Soricut, Radu},
   TITLE = {Understanding Guided Image Captioning Performance across Domains}}
@INPROCEEDINGS{conll-125,
   AUTHOR = {Ernst, Ori and Shapira, Ori and Pasunuru, Ramakanth and Lepioshkin, Michael and Goldberger, Jacob and Bansal, Mohit and Dagan, Ido},
   SORTNAME = {Ernst, Ori and Shapira, Ori and Pasunuru, Ramakanth and Lepioshkin, Michael and Goldberger, Jacob and Bansal, Mohit and Dagan, Ido},
   TITLE = {Summary-Source Proposition-level Alignment: Task, Datasets and Supervised Baseline}}
@INPROCEEDINGS{conll-076,
   AUTHOR = {Nikolaus, Mitja and Fourtassi, Abdellah},
   SORTNAME = {Nikolaus, Mitja and Fourtassi, Abdellah},
   TITLE = {Modeling the Interaction Between Perception-Based and Production-Based Learning in Children's Early Acquisition of Semantic Knowledge}}
@INPROCEEDINGS{conll-122,
   AUTHOR = {Huebner, Philip A. and Willits, Jon A.},
   SORTNAME = {Huebner, Philip A. and Willits, Jon A.},
   TITLE = {Scaffolded input promotes atomic organization in the recurrent neural network language model}}
@INPROCEEDINGS{conll-078,
   AUTHOR = {Iwamoto, Ran and Kohita, Ryosuke and Wachi, Akifumi},
   SORTNAME = {Iwamoto, Ran and Kohita, Ryosuke and Wachi, Akifumi},
   TITLE = {Polar Embedding}}
@INPROCEEDINGS{conll-149,
   AUTHOR = {Hartmann, Mareike and de Lhoneux, Miryam and Hershcovich, Daniel and Kementchedjhieva, Yova and Nielsen, Lukas and Qiu, Chen and Søgaard, Anders},
   SORTNAME = {Hartmann, Mareike and de Lhoneux, Miryam and Hershcovich, Daniel and Kementchedjhieva, Yova and Nielsen, Lukas and Qiu, Chen and Søgaard, Anders},
   TITLE = {A Multilingual Benchmark for Probing Negation-Awareness with Minimal Pairs}}
