@INPROCEEDINGS{latech-clfl-050,
   AUTHOR = {Brunila, Mikael and LaViolette, Jack},
   SORTNAME = {Brunila, Mikael and LaViolette, Jack},
   TITLE = {WMDecompose: A Framework for Leveraging the Interpretable Properties of Word Mover's Distance in Sociocultural Analysis}}
@INPROCEEDINGS{latech-clfl-035,
   AUTHOR = {Kunilovskaya, Maria and Lapshinova-Koltunski, Ekaterina and Mitkov, Ruslan},
   SORTNAME = {Kunilovskaya, Maria and Lapshinova-Koltunski, Ekaterina and Mitkov, Ruslan},
   TITLE = {Translationese in Russian Literary Texts}}
@INPROCEEDINGS{latech-clfl-051,
   AUTHOR = {Tian, Zuoyu and Kübler, Sandra},
   SORTNAME = {Tian, Zuoyu and Kubler, Sandra},
   TITLE = {Period Classification in Chinese Historical Texts}}
@INPROCEEDINGS{latech-clfl-033,
   AUTHOR = {Schneider, Felix and Barz, Björn and Brandes, Phillip and Marshall, Sophie and Denzler, Joachim},
   SORTNAME = {Schneider, Felix and Barz, Bjorn and Brandes, Phillip and Marshall, Sophie and Denzler, Joachim},
   TITLE = {Data-Driven Detection of General Chiasmi Using Lexical and Semantic Features}}
@INPROCEEDINGS{latech-clfl-011,
   AUTHOR = {Arnoult, Sophie I. and Petram, Lodewijk and Vossen, Piek},
   SORTNAME = {Arnoult, Sophie I. and Petram, Lodewijk and Vossen, Piek},
   TITLE = {Batavia asked for advice. Pretrained language models for Named Entity Recognition in historical texts.}}
@INPROCEEDINGS{latech-clfl-029,
   AUTHOR = {Abdibayev, Almas and Igarashi, Yohei and Riddell, Allen and Rockmore, Daniel},
   SORTNAME = {Abdibayev, Almas and Igarashi, Yohei and Riddell, Allen and Rockmore, Daniel},
   TITLE = {Automating the Detection of Poetic Features: The Limerick as Model Organism}}
@INPROCEEDINGS{latech-clfl-019,
   AUTHOR = {Schmidt, David and Zehe, Albin and Lorenzen, Janne and Sergel, Lisa and Düker, Sebastian and Krug, Markus and Puppe, Frank},
   SORTNAME = {Schmidt, David and Zehe, Albin and Lorenzen, Janne and Sergel, Lisa and Duker, Sebastian and Krug, Markus and Puppe, Frank},
   TITLE = {The FairyNet Corpus - Character Networks for German Fairy Tales}}
@INPROCEEDINGS{latech-clfl-021,
   AUTHOR = {Wöckener, Jörg and Haider, Thomas and Miller, Tristan and Nguyen, The-Khang and Nguyen, Thanh Tung Linh and Pham, Minh Vu and Belouadi, Jonas and Eger, Steffen},
   SORTNAME = {Wockener, Jorg and Haider, Thomas and Miller, Tristan and Nguyen, The-Khang and Nguyen, Thanh Tung Linh and Pham, Minh Vu and Belouadi, Jonas and Eger, Steffen},
   TITLE = {End-to-end style-conditioned poetry generation: What does it take to learn from examples alone?}}
@INPROCEEDINGS{latech-clfl-044,
   AUTHOR = {Schleider, Thomas and Troncy, Raphael},
   SORTNAME = {Schleider, Thomas and Troncy, Raphael},
   TITLE = {Zero-Shot Information Extraction to Enhance a Knowledge Graph Describing Silk Textiles}}
@INPROCEEDINGS{latech-clfl-036,
   AUTHOR = {Tian, Zuoyu and Jarrett, Dylan and Escalona Torres, Juan and Amaral, Patricia},
   SORTNAME = {Tian, Zuoyu and Jarrett, Dylan and Escalona Torres, Juan and Amaral, Patricia},
   TITLE = {BAHP: Benchmark of Assessing Word Embeddings in Historical Portuguese}}
@INPROCEEDINGS{latech-clfl-053,
   AUTHOR = {McCarthy, Arya D. and Scharf, James and Dore, Giovanna Maria Dora},
   SORTNAME = {McCarthy, Arya D. and Scharf, James and Dore, Giovanna Maria Dora},
   TITLE = {A Mixed-Methods Analysis of Western and Hong Kong---based Reporting on the 2019---2020 Protests}}
@INPROCEEDINGS{latech-clfl-030,
   AUTHOR = {Xie, Wenxiu and Lee, John and Zhan, Fangqiong and Han, Xiao and Chow, Chi-Yin},
   SORTNAME = {Xie, Wenxiu and Lee, John and Zhan, Fangqiong and Han, Xiao and Chow, Chi-Yin},
   TITLE = {Unsupervised Adverbial Identification in Modern Chinese Literature}}
@INPROCEEDINGS{latech-clfl-039,
   AUTHOR = {Bizzoni, Yuri and Degaetano-Ortlieb, Stefania and Menzel, Katrin and Teich, Elke},
   SORTNAME = {Bizzoni, Yuri and Degaetano-Ortlieb, Stefania and Menzel, Katrin and Teich, Elke},
   TITLE = {The diffusion of scientific terms -- tracing individuals' influence in the history of science for English}}
@INPROCEEDINGS{latech-clfl-055,
   AUTHOR = {van Cranenburgh, Andreas and Ketzan, Erik},
   SORTNAME = {van Cranenburgh, Andreas and Ketzan, Erik},
   TITLE = {Stylometric Literariness Classification: the Case of Stephen King}}
@INPROCEEDINGS{latech-clfl-041,
   AUTHOR = {Singh, Pranaydeep and Rutten, Gorik and Lefever, Els},
   SORTNAME = {Singh, Pranaydeep and Rutten, Gorik and Lefever, Els},
   TITLE = {A Pilot Study for BERT Language Modelling and Morphological Analysis for Ancient and Medieval Greek}}
@INPROCEEDINGS{latech-clfl-024,
   AUTHOR = {Schmidt, Thomas and Dennerlein, Katrin and Wolff, Christian},
   SORTNAME = {Schmidt, Thomas and Dennerlein, Katrin and Wolff, Christian},
   TITLE = {Emotion Classification in German Plays with Transformer-based Language Models Pretrained on Historical and Contemporary Language}}
@INPROCEEDINGS{latech-clfl-015,
   AUTHOR = {Sorato, Danielly and Zavala-Rojas, Diana},
   SORTNAME = {Sorato, Danielly and Zavala-Rojas, Diana},
   TITLE = {The Multilingual Corpus of Survey Questionnaires Query Interface}}
@INPROCEEDINGS{latech-clfl-049,
   AUTHOR = {Cooper, A. and Antoniak, Maria and De Sa, Christopher and Migiel, Marilyn and Mimno, David},
   SORTNAME = {Cooper, A. and Antoniak, Maria and De Sa, Christopher and Migiel, Marilyn and Mimno, David},
   TITLE = {'Tecnologica cosa': Modeling Storyteller Personalities in Boccaccio's 'Decameron'}}
@INPROCEEDINGS{latech-clfl-002,
   AUTHOR = {Lassche, Alie and Morante, Roser},
   SORTNAME = {Lassche, Alie and Morante, Roser},
   TITLE = {The Early Modern Dutch Mediascape. Detecting Media Mentions in Chronicles Using Word Embeddings and CRF}}
@INPROCEEDINGS{latech-clfl-005,
   AUTHOR = {Tonelli, Sara and Menini, Stefano},
   SORTNAME = {Tonelli, Sara and Menini, Stefano},
   TITLE = {FrameNet-like Annotation of Olfactory Information in Texts}}
@INPROCEEDINGS{latech-clfl-014,
   AUTHOR = {Manjavacas Arevalo, Enrique and Mellerin, Laurence and Kestemont, Mike},
   SORTNAME = {Manjavacas Arevalo, Enrique and Mellerin, Laurence and Kestemont, Mike},
   TITLE = {Quantifying Contextual Aspects of Inter-annotator Agreement in Intertextuality Research}}
