@INPROCEEDINGS{tutorial-final-014,
   AUTHOR = {Daum√© III, Hal and Langford, John and Chang, Kai-Wei and He, He and Rao, Sudha},
   SORTNAME = {Daume III, Hal and Langford, John and Chang, Kai-Wei and He, He and Rao, Sudha},
   TITLE = {Hands-on Learning to Search for Structured Prediction}}
@INPROCEEDINGS{tutorial-final-019,
   AUTHOR = {Volkova, Svitlana and Van Durme, Benjamin and Yarowsky, David and Bachrach, Yoram},
   SORTNAME = {Volkova, Svitlana and Van Durme, Benjamin and Yarowsky, David and Bachrach, Yoram},
   TITLE = {Social Media Predictive Analytics}}
@INPROCEEDINGS{tutorial-final-021,
   AUTHOR = {Callison-Burch, Chris and Ungar, Lyle and Pavlick, Ellie},
   SORTNAME = {Callison-Burch, Chris and Ungar, Lyle and Pavlick, Ellie},
   TITLE = {Crowdsourcing for NLP}}
@INPROCEEDINGS{tutorial-final-022,
   AUTHOR = {Baker, Collin and Schneider, Nathan and Petruck, Miriam R L and Ellsworth, Michael},
   SORTNAME = {Baker, Collin and Schneider, Nathan and Petruck, Miriam R L and Ellsworth, Michael},
   TITLE = {Getting the Roles Right: Using FrameNet in NLP}}
@INPROCEEDINGS{tutorial-final-025,
   AUTHOR = {Schneider, Nathan and Flanigan, Jeffrey and O'Gorman, Tim},
   SORTNAME = {Schneider, Nathan and Flanigan, Jeffrey and O'Gorman, Tim},
   TITLE = {The Logic of AMR: Practical, Unified, Graph-Based Sentence Semantics for NLP}}
@INPROCEEDINGS{tutorial-final-009,
   AUTHOR = {Yih, Wen-tau and He, Xiaodong and Gao, Jianfeng},
   SORTNAME = {Yih, Wen-tau and He, Xiaodong and Gao, Jianfeng},
   TITLE = {Deep Learning and Continuous Representations for  Natural Language Processing}}
