@INPROCEEDINGS{clpsych-011,
   AUTHOR = {Rouhizadeh, Masoud and Sproat, Richard and van Santen, Jan},
   SORTNAME = {Rouhizadeh, Masoud and Sproat, Richard and van Santen, Jan},
   TITLE = {Similarity Measures for Quantifying Restrictive and Repetitive Behavior in Conversations of Autistic Children}}
@INPROCEEDINGS{clpsych-012,
   AUTHOR = {Mitchell, Margaret and Hollingshead, Kristy and Coppersmith, Glen},
   SORTNAME = {Mitchell, Margaret and Hollingshead, Kristy and Coppersmith, Glen},
   TITLE = {Quantifying the Language of Schizophrenia in Social Media}}
@INPROCEEDINGS{clpsych-013,
   AUTHOR = {Maskit, Bernard and Bucci, Wilma and Murphy, Sean},
   SORTNAME = {Maskit, Bernard and Bucci, Wilma and Murphy, Sean},
   TITLE = {A Computer Program for Tracking the Evolution of a Psychotherapy Treatment}}
@INPROCEEDINGS{clpsych-014,
   AUTHOR = {Mowery, Danielle and Bryan, Craig and Conway, Mike},
   SORTNAME = {Mowery, Danielle and Bryan, Craig and Conway, Mike},
   TITLE = {Towards Developing an Annotation Scheme for Depressive Disorder Symptoms: A Preliminary Study using Twitter Data}}
@INPROCEEDINGS{clpsych-015,
   AUTHOR = {Resnik, Philip and Armstrong, William and Claudino, Leonardo and Nguyen, Thang and Nguyen, Viet-An and Boyd-Graber, Jordan},
   SORTNAME = {Resnik, Philip and Armstrong, William and Claudino, Leonardo and Nguyen, Thang and Nguyen, Viet-An and Boyd-Graber, Jordan},
   TITLE = {Beyond LDA: Exploring Supervised Topic Modeling for Depression-Related Language in Twitter}}
@INPROCEEDINGS{clpsych-016,
   AUTHOR = {Gorman, Kyle and Bedrick, Steven and Kiss, Geza and Morley, Eric and Ingham, Rosemary and Mohammed, Metrah and Papadakis, Katina and van Santen, Jan},
   SORTNAME = {Gorman, Kyle and Bedrick, Steven and Kiss, Geza and Morley, Eric and Ingham, Rosemary and Mohammed, Metrah and Papadakis, Katina and van Santen, Jan},
   TITLE = {Automated morphological analysis of clinical language samples}}
@INPROCEEDINGS{clpsych-017,
   AUTHOR = {Preoţiuc-Pietro, Daniel and Eichstaedt, Johannes and Park, Gregory and Sap, Maarten and Smith, Laura and Tobolsky, Victoria and Schwartz, H. Andrew and Ungar, Lyle},
   SORTNAME = {Preotiuc-Pietro, Daniel and Eichstaedt, Johannes and Park, Gregory and Sap, Maarten and Smith, Laura and Tobolsky, Victoria and Schwartz, H. Andrew and Ungar, Lyle},
   TITLE = {The role of personality, age, and gender in tweeting about mental illness}}
@INPROCEEDINGS{clpsych-018,
   AUTHOR = {Coppersmith, Glen and Dredze, Mark and Harman, Craig and Hollingshead, Kristy},
   SORTNAME = {Coppersmith, Glen and Dredze, Mark and Harman, Craig and Hollingshead, Kristy},
   TITLE = {From ADHD to SAD: Analyzing the Language of Mental Health on Twitter through Self-Reported Diagnoses}}
@INPROCEEDINGS{clpsych-002,
   AUTHOR = {del Castillo, M. Dolores and Serrano, J. Ignacio and Oliva, Jesús},
   SORTNAME = {del Castillo, M. Dolores and Serrano, J. Ignacio and Oliva, Jesus},
   TITLE = {Computational cognitive modeling of inflectional verb morphology in Spanish-speakers for the characterization and diagnosis of Alzheimer's Disease}}
@INPROCEEDINGS{clpsych-020,
   AUTHOR = {Preoţiuc-Pietro, Daniel and Sap, Maarten and Schwartz, H. Andrew and Ungar, Lyle},
   SORTNAME = {Preotiuc-Pietro, Daniel and Sap, Maarten and Schwartz, H. Andrew and Ungar, Lyle},
   TITLE = {Mental Illness Detection at the World Well-Being Project for the CLPsych 2015 Shared Task}}
@INPROCEEDINGS{clpsych-021,
   AUTHOR = {Pedersen, Ted},
   SORTNAME = {Pedersen, Ted},
   TITLE = {Screening Twitter Users for Depression and PTSD with Lexical Decision Lists}}
@INPROCEEDINGS{clpsych-023,
   AUTHOR = {Resnik, Philip and Armstrong, William and Claudino, Leonardo and Nguyen, Thang},
   SORTNAME = {Resnik, Philip and Armstrong, William and Claudino, Leonardo and Nguyen, Thang},
   TITLE = {The University of Maryland CLPsych 2015 Shared Task System}}
@INPROCEEDINGS{clpsych-024,
   AUTHOR = {Coppersmith, Glen and Dredze, Mark and Harman, Craig and Hollingshead, Kristy and Mitchell, Margaret},
   SORTNAME = {Coppersmith, Glen and Dredze, Mark and Harman, Craig and Hollingshead, Kristy and Mitchell, Margaret},
   TITLE = {CLPsych 2015 Shared Task: Depression and PTSD on Twitter}}
@INPROCEEDINGS{clpsych-004,
   AUTHOR = {Rosenstein, Mark and Foltz, Peter and Vaskinn, Anja and Elvevåg, Brita},
   SORTNAME = {Rosenstein, Mark and Foltz, Peter and Vaskinn, Anja and Elvevag, Brita},
   TITLE = {Practical issues in developing semantic frameworks for the analysis of verbal fluency data: A Norwegian data case study}}
@INPROCEEDINGS{clpsych-007,
   AUTHOR = {Tanana, Michael and Hallgren, Kevin and Imel, Zac and Atkins, David and Smyth, Padhraic and Srikumar, Vivek},
   SORTNAME = {Tanana, Michael and Hallgren, Kevin and Imel, Zac and Atkins, David and Smyth, Padhraic and Srikumar, Vivek},
   TITLE = {Recursive Neural Networks for Coding Therapist and Patient Behavior in Motivational Interviewing}}
@INPROCEEDINGS{clpsych-008,
   AUTHOR = {Murphy, Sean and Maskit, Bernard and Bucci, Wilma},
   SORTNAME = {Murphy, Sean and Maskit, Bernard and Bucci, Wilma},
   TITLE = {Putting Feelings into Words: Cross-Linguistic Markers of the Referential Process}}
