@INPROCEEDINGS{event-001,
   AUTHOR = {Keane, Nathan and Yee, Connie and Zhou, Liang},
   SORTNAME = {Keane, Nathan and Yee, Connie and Zhou, Liang},
   TITLE = {Using Topic Modeling and Similarity Thresholds to Detect Events}}
@INPROCEEDINGS{event-010,
   AUTHOR = {Mitamura, Teruko and Yamakawa, Yukari and Holm, Susan and Song, Zhiyi and Bies, Ann and Kulick, Seth and Strassel, Stephanie},
   SORTNAME = {Mitamura, Teruko and Yamakawa, Yukari and Holm, Susan and Song, Zhiyi and Bies, Ann and Kulick, Seth and Strassel, Stephanie},
   TITLE = {Event Nugget Annotation: Processes and Issues}}
@INPROCEEDINGS{event-011,
   AUTHOR = {Song, Zhiyi and Bies, Ann and Strassel, Stephanie and Riese, Tom and Mott, Justin and Ellis, Joe and Wright, Jonathan and Kulick, Seth and Ryant, Neville and Ma, Xiaoyi},
   SORTNAME = {Song, Zhiyi and Bies, Ann and Strassel, Stephanie and Riese, Tom and Mott, Justin and Ellis, Joe and Wright, Jonathan and Kulick, Seth and Ryant, Neville and Ma, Xiaoyi},
   TITLE = {From Light to Rich ERE: Annotation of Entities, Relations, and Events}}
@INPROCEEDINGS{event-012,
   AUTHOR = {Li, Chen and Girju, Roxana},
   SORTNAME = {Li, Chen and Girju, Roxana},
   TITLE = {Detecting Causally Embedded Structures Using an Evolutionary Algorithm}}
@INPROCEEDINGS{event-013,
   AUTHOR = {Fauceglia, Nicolas R and Lin, Yiu-Chang and Ma, Xuezhe and Hovy, Eduard},
   SORTNAME = {Fauceglia, Nicolas R and Lin, Yiu-Chang and Ma, Xuezhe and Hovy, Eduard},
   TITLE = {Word Sense Disambiguation via PropStore and OntoNotes for Event Mention Detection}}
@INPROCEEDINGS{event-014,
   AUTHOR = {Takabatake, Yu and Morita, Hajime and Kawahara, Daisuke and Kurohashi, Sadao and Higashinaka, Ryuichiro and Matsuo, Yoshihiro},
   SORTNAME = {Takabatake, Yu and Morita, Hajime and Kawahara, Daisuke and Kurohashi, Sadao and Higashinaka, Ryuichiro and Matsuo, Yoshihiro},
   TITLE = {Classification and Acquisition of Contradictory Event Pairs using Crowdsourcing}}
@INPROCEEDINGS{event-015,
   AUTHOR = {Manrique-Losada, Bell and Zapata Jaramillo, Carlos Mario},
   SORTNAME = {Manrique-Losada, Bell and Zapata Jaramillo, Carlos Mario},
   TITLE = {Event analysis for information extraction from business-based technical documents}}
@INPROCEEDINGS{event-016,
   AUTHOR = {Liu, Zhengzhong and Mitamura, Teruko and Hovy, Eduard},
   SORTNAME = {Liu, Zhengzhong and Mitamura, Teruko and Hovy, Eduard},
   TITLE = {Evaluation Algorithms for Event Nugget Detection : A Pilot Study}}
@INPROCEEDINGS{event-003,
   AUTHOR = {Sharma, Arpit and Vo, Nguyen and Aditya, Somak and Baral, Chitta},
   SORTNAME = {Sharma, Arpit and Vo, Nguyen and Aditya, Somak and Baral, Chitta},
   TITLE = {Identifying Various Kinds of Event Mentions in K-Parser Output}}
@INPROCEEDINGS{event-004,
   AUTHOR = {Hautli-Janisz, Annette and King, Tracy Holloway and Ramchand, Gilian},
   SORTNAME = {Hautli-Janisz, Annette and King, Tracy Holloway and Ramchand, Gilian},
   TITLE = {Encoding event structure in Urdu/Hindi VerbNet}}
@INPROCEEDINGS{event-005,
   AUTHOR = {Vossen, Piek and Laparra, Egoitz and Rigau, German and Aldabe, Itziar},
   SORTNAME = {Vossen, Piek and Laparra, Egoitz and Rigau, German and Aldabe, Itziar},
   TITLE = {Semantic Interoperability for Cross-lingual and cross-document Event Detection}}
@INPROCEEDINGS{event-006,
   AUTHOR = {Yee, Connie and Keane, Nathan and Zhou, Liang},
   SORTNAME = {Yee, Connie and Keane, Nathan and Zhou, Liang},
   TITLE = {Modeling and Characterizing Social Media Topics Using the Gamma Distribution}}
@INPROCEEDINGS{event-007,
   AUTHOR = {Olshefski, Emily},
   SORTNAME = {Olshefski, Emily},
   TITLE = {Game-Changing Event Definition and Detection in an eSports Corpus}}
@INPROCEEDINGS{event-008,
   AUTHOR = {Feltracco, Anna and Jezek, Elisabetta and Magnini, Bernardo},
   SORTNAME = {Feltracco, Anna and Jezek, Elisabetta and Magnini, Bernardo},
   TITLE = {Opposition Relations among Verb Frames}}
@INPROCEEDINGS{event-009,
   AUTHOR = {Cybulska, Agata and Vossen, Piek},
   SORTNAME = {Cybulska, Agata and Vossen, Piek},
   TITLE = {Translating Granularity of Event Slots into Features for Event Coreference Resolution.}}
