@INPROCEEDINGS{sustainlp-020,
   AUTHOR = {Zhang, Yue and Hu, ChengCheng and Liu, Yuqi and Fang, Hui and Lin, Jimmy},
   SORTNAME = {Zhang, Yue and Hu, ChengCheng and Liu, Yuqi and Fang, Hui and Lin, Jimmy},
   TITLE = {Learning to Rank in the Age of Muppets: Effectiveness---Efficiency Tradeoffs in Multi-Stage Ranking}}
@INPROCEEDINGS{sustainlp-027,
   AUTHOR = {Wang, Gengyu and Hou, Xiaochen and Yang, Diyi and McKeown, Kathleen and Huang, Jing},
   SORTNAME = {Wang, Gengyu and Hou, Xiaochen and Yang, Diyi and McKeown, Kathleen and Huang, Jing},
   TITLE = {Semantic Categorization of Social Knowledge for Commonsense Question Answering}}
@INPROCEEDINGS{sustainlp-009,
   AUTHOR = {bannour, Nesrine and Ghannay, Sahar and Névéol, Aurélie and Ligozat, Anne-Laure},
   SORTNAME = {bannour, Nesrine and Ghannay, Sahar and Neveol, Aurelie and Ligozat, Anne-Laure},
   TITLE = {Evaluating the carbon footprint of NLP methods: a survey and analysis of existing tools}}
@INPROCEEDINGS{sustainlp-017,
   AUTHOR = {Liu, Yi and Zhang, Guoan and Yu, Puning and Su, Jianlin and Pan, Shengfeng},
   SORTNAME = {Liu, Yi and Zhang, Guoan and Yu, Puning and Su, Jianlin and Pan, Shengfeng},
   TITLE = {BioCopy: A Plug-And-Play Span Copy Mechanism in Seq2Seq Models}}
@INPROCEEDINGS{sustainlp-019,
   AUTHOR = {Sidiropoulos, Georgios and Voskarides, Nikos and Vakulenko, Svitlana and Kanoulas, Evangelos},
   SORTNAME = {Sidiropoulos, Georgios and Voskarides, Nikos and Vakulenko, Svitlana and Kanoulas, Evangelos},
   TITLE = {Combining Lexical and Dense Retrieval for Computationally Efficient Multi-hop Question Answering}}
@INPROCEEDINGS{sustainlp-044,
   AUTHOR = {Peng, Zilun and Budhkar, Akshay and Tuil, Ilana and Levy, Jason and Sobhani, Parinaz and Cohen, Raphael and Nassour, Jumana},
   SORTNAME = {Peng, Zilun and Budhkar, Akshay and Tuil, Ilana and Levy, Jason and Sobhani, Parinaz and Cohen, Raphael and Nassour, Jumana},
   TITLE = {Shrinking Bigfoot: Reducing wav2vec 2.0 footprint}}
@INPROCEEDINGS{sustainlp-043,
   AUTHOR = {Balachandran, Vidhisha and Vaswani, Ashish and Tsvetkov, Yulia and Parmar, Niki},
   SORTNAME = {Balachandran, Vidhisha and Vaswani, Ashish and Tsvetkov, Yulia and Parmar, Niki},
   TITLE = {Simple and Efficient ways to Improve REALM}}
@INPROCEEDINGS{sustainlp-036,
   AUTHOR = {Torbarina, Lovre and Mihelčić, Velimir and Šarlija, Bruno and Roguski, Lukasz and Kraljević, Željko},
   SORTNAME = {Torbarina, Lovre and Mihelcic, Velimir and Sarlija, Bruno and Roguski, Lukasz and Kraljevic, Zeljko},
   TITLE = {{S}peeding Up {T}ransformer Training By Using Dataset Subsampling - {A}n Exploratory Analysis}}
@INPROCEEDINGS{sustainlp-053,
   AUTHOR = {Ehara, Yo},
   SORTNAME = {Ehara, Yo},
   TITLE = {Logistic Regression Trained on Learner Data Outperformed Neural Language Models in Unsupervised Automatic Readability Assessment}}
@INPROCEEDINGS{sustainlp-039,
   AUTHOR = {Kim, Gyuwan and Cho, Kyunghyun},
   SORTNAME = {Kim, Gyuwan and Cho, Kyunghyun},
   TITLE = {Length-Adaptive Transformer: Train Once with Length Drop, Use Anytime with Search}}
@INPROCEEDINGS{sustainlp-052,
   AUTHOR = {Gupta, Ankur and Gupta, Vivek},
   SORTNAME = {Gupta, Ankur and Gupta, Vivek},
   TITLE = {Unsupervised Contextualized Document Representation}}
@INPROCEEDINGS{sustainlp-041,
   AUTHOR = {He, Haoyu and Shi, Xingjian and Mueller, Jonas and Zha, Sheng and Li, Mu and Karypis, George},
   SORTNAME = {He, Haoyu and Shi, Xingjian and Mueller, Jonas and Zha, Sheng and Li, Mu and Karypis, George},
   TITLE = {Distiller: A Systematic Study of Model Distillation Methods in Natural Language Processing}}
@INPROCEEDINGS{sustainlp-024,
   AUTHOR = {Glenski, Maria and Sealy, William I. and Miller, Kate and Arendt, Dustin},
   SORTNAME = {Glenski, Maria and Sealy, William I. and Miller, Kate and Arendt, Dustin},
   TITLE = {Improving Synonym Recommendation Using Sentence Context}}
@INPROCEEDINGS{sustainlp-004,
   AUTHOR = {Zhou, Zachary and Kline, Jeffery and Conathan, Devin and Fung, Glenn},
   SORTNAME = {Zhou, Zachary and Kline, Jeffery and Conathan, Devin and Fung, Glenn},
   TITLE = {Low Resource Quadratic Forms for Knowledge Graph Embeddings}}
@INPROCEEDINGS{sustainlp-012,
   AUTHOR = {Soltan, Saleh and Khan, Haidar and Hamza, Wael},
   SORTNAME = {Soltan, Saleh and Khan, Haidar and Hamza, Wael},
   TITLE = {Limitations of Knowledge Distillation for Zero-shot Transfer Learning}}
@INPROCEEDINGS{sustainlp-049,
   AUTHOR = {Sachidananda, Vin and Kessler, Jason and Lai, Yi-An},
   SORTNAME = {Sachidananda, Vin and Kessler, Jason and Lai, Yi-An},
   TITLE = {Efficient Domain Adaptation of Language Models via Adaptive Tokenization}}
@INPROCEEDINGS{sustainlp-040,
   AUTHOR = {Puvis de Chavannes, Lucas Høyberg and Kongsbak, Mads Guldborg Kjeldgaard and Rantzau, Timmie and Derczynski, Leon},
   SORTNAME = {Puvis de Chavannes, Lucas Høyberg and Kongsbak, Mads Guldborg Kjeldgaard and Rantzau, Timmie and Derczynski, Leon},
   TITLE = {Hyperparameter Power Impact in Transformer Language Model Training}}
@INPROCEEDINGS{sustainlp-047,
   AUTHOR = {Agrawal, Ameeta and Singh, Suresh and Schneider, Lauren and Samuels, Michael},
   SORTNAME = {Agrawal, Ameeta and Singh, Suresh and Schneider, Lauren and Samuels, Michael},
   TITLE = {On the Role of Corpus Ordering in Language Modeling}}
@INPROCEEDINGS{sustainlp-013,
   AUTHOR = {Jeon, Sungho and Strube, Michael},
   SORTNAME = {Jeon, Sungho and Strube, Michael},
   TITLE = {Countering the Influence of Essay Length in Neural Essay Scoring}}
@INPROCEEDINGS{sustainlp-014,
   AUTHOR = {Gupta, Ankit and Dar, Guy and Goodman, Shaya and Ciprut, David and Berant, Jonathan},
   SORTNAME = {Gupta, Ankit and Dar, Guy and Goodman, Shaya and Ciprut, David and Berant, Jonathan},
   TITLE = {Memory-efficient Transformers via Top-k Attention}}
