@INPROCEEDINGS{starsem,
  title = {*SEM: 4th Joint Conference on Lexical and Computational Semantics},
  author = {Palmer, Martha and Boleda, Gemma and Rosso, Paolo},
  sortname = {Palmer, Martha and Boleda, Gemma and Rosso, Paolo},
}
                  
@INPROCEEDINGS{workshop1,
  title = {9th International Workshop on Semantic Evaluations},
  author = {Nakov, Preslav and Zesch, Torsten and Cer, Daniel and Jurgens, David},
  sortname = {Nakov, Preslav and Zesch, Torsten and Cer, Daniel and Jurgens, David},
}
                  
@INPROCEEDINGS{workshop2,
  title = {2nd Workshop on Argumentation Mining},
  author = {Cardie, Claire and Green, Nancy and Gurevych, Iryna and Hirst,
    Graeme and Litman, Diane and Muresan, Smaranda and Petasis,
    Georgios and Stede, Manfred and Walker, Marilyn and Wiebe, Janyce},
      sortname = {Cardie, Claire and Green, Nancy and Gurevych, Iryna and Hirst,
    Graeme and Litman, Diane and Muresan, Smaranda and Petasis,
    Georgios and Stede, Manfred and Walker, Marilyn and Wiebe, Janyce},
}

@INPROCEEDINGS{workshop3,
  title = {The 10th Workshop on Innovative Use of NLP for Building Educational Applications},
  sortname = {Tetreault, Joel and Burstein, Jill and Leacock, Claudia},
    author = {Tetreault, Joel and Burstein, Jill and Leacock, Claudia},
}

@INPROCEEDINGS{workshop4,
  title = {Fourth Workshop on Computational Linguistics for Literature},
  sortname = {Feldman, Anna and Kazantseva, Anna and Szpakowicz, Stan and Koolen, Corina},
  author = {Feldman, Anna and Kazantseva, Anna and Szpakowicz, Stan and Koolen, Corina},
}

@INPROCEEDINGS{workshop5,
  title = {Cognitive Modeling and Computational Linguistics},
  sortname = {O’Donnell, Timothy J. and van Schijndel, Marten},
    author = {O’Donnell, Timothy J. and van Schijndel, Marten},
}

@INPROCEEDINGS{workshop6,
  title = {The 3rd Workshop on EVENTS: Definition, Detection, Coreference, and Representation},
  sortname = {Hovy, Eduard and Mitamura, Teruko and Palmer, Martha},
    author = {Hovy, Eduard and Mitamura, Teruko and Palmer, Martha},
}

@INPROCEEDINGS{workshop7,
  title = {The 11th Workshop on Multiword Expressions},
  sortname = {Kordoni, Valia and Egg, Markus and Cholakov, Kostadin and Markantonatou, Stella and Wintner, Shuly},
    author = {Kordoni, Valia and Egg, Markus and Cholakov, Kostadin and Markantonatou, Stella and Wintner, Shuly},
}

@INPROCEEDINGS{workshop8,
  title = {Ninth Workshop on Syntax, Semantics and Structure in Statistical Translation},
  sortname = {Wu, Dekai and Carpuat, Marine and Agirre, Eneko and Aranberri, Nora},
    author = {Wu, Dekai and Carpuat, Marine and Agirre, Eneko and Aranberri, Nora},
}

%% %% FRIDAY %%%%%%%%%%%%%%%%%%%%%%%%%%%%%%%%%%%%%%%%%%%%%%%%%%%%%%%

\setdaydateyear{Friday}{June 5}{2015}
\setheaders{One-day Workshops}{\daydateyear}

@INPROCEEDINGS{workshop9,
  title = {Computational Linguistics and Clinical Psychology — From Linguistic Signal to Clinical Reality},
  sortname = {Mitchell, Margaret and Coppersmith, Glen and Hollingshead, Kristy},
    author = {Mitchell, Margaret and Coppersmith, Glen and Hollingshead, Kristy},
}

@INPROCEEDINGS{workshop10,
  title = {Extra-Propositional Aspects of Meaning in Computational Linguistics},
  sortname = {Blanco, Eduardo and Morante, Roser and Sporleder, Caroline},
    author = {Blanco, Eduardo and Morante, Roser and Sporleder, Caroline},
}

@INPROCEEDINGS{workshop11,
  title = {The 9th Linguistic Annotation Workshop},
  sortname = {Meyers, Adam and Rehbein, Ines and Zinsmeister, Heike},
    author = {Meyers, Adam and Rehbein, Ines and Zinsmeister, Heike},
}

@INPROCEEDINGS{workshop12,
  title = {The Third Workshop on Metaphor in NLP},
  sortname = {Shutova, Ekaterina and Beigman Klebanov, Beata and Lichtenstein, Patricia},
    author = {Shutova, Ekaterina and Beigman Klebanov, Beata and Lichtenstein, Patricia},
}

@INPROCEEDINGS{workshop13,
  title = {Third International Workshop on Natural Language Processing for Social Media},
  sortname = {Lin, Shou-De and Ku, Lun-Wei and Li, Cheng-Te and Cambria, Erik},
    author = {Lin, Shou-De and Ku, Lun-Wei and Li, Cheng-Te and Cambria, Erik},
}

@INPROCEEDINGS{workshop14,
  title = {Vector Space Modeling for NLP},
  sortname = {Blunsom, Phil and Cohen, Shay and Dhillon, Paramveer and Liang, Percy},
    author = {Blunsom, Phil and Cohen, Shay and Dhillon, Paramveer and Liang, Percy},
}
