@INPROCEEDINGS{exprom-010,
   AUTHOR = {Karttunen, Lauri},
   SORTNAME = {Karttunen, Lauri},
   TITLE = {Limits of Natural Logic}}
@INPROCEEDINGS{exprom-002,
   AUTHOR = {Rehbein, Ines},
   SORTNAME = {Rehbein, Ines},
   TITLE = {Filled Pauses in User-generated Content are Words with Extra-propositional Meaning}}
@INPROCEEDINGS{exprom-004,
   AUTHOR = {Fancellu, Federico and Webber, Bonnie},
   SORTNAME = {Fancellu, Federico and Webber, Bonnie},
   TITLE = {Translating Negation: A Manual Error Analysis}}
@INPROCEEDINGS{exprom-007,
   AUTHOR = {Kilicoglu, Halil and Rosemblat, Graciela and Cairelli, Michael and Rindflesch, Thomas},
   SORTNAME = {Kilicoglu, Halil and Rosemblat, Graciela and Cairelli, Michael and Rindflesch, Thomas},
   TITLE = {A Compositional Interpretation of Biomedical Event Factuality}}
@INPROCEEDINGS{exprom-008,
   AUTHOR = {Werner, Gregory and Prabhakaran, Vinodkumar and Diab, Mona and Rambow, Owen},
   SORTNAME = {Werner, Gregory and Prabhakaran, Vinodkumar and Diab, Mona and Rambow, Owen},
   TITLE = {Committed Belief Tagging on the Factbank and LU Corpora: A Comparative Study}}
@INPROCEEDINGS{exprom-009,
   AUTHOR = {Shivade, Chaitanya and de Marneffe, Marie-Catherine and Fosler-Lussier, Eric and Lai, Albert M.},
   SORTNAME = {Shivade, Chaitanya and de Marneffe, Marie-Catherine and Fosler-Lussier, Eric and Lai, Albert M.},
   TITLE = {Extending NegEx with Kernel Methods for Negation Detection in Clinical Text}}
