@INPROCEEDINGS{bea-010,
   AUTHOR = {Heilman, Michael and Madnani, Nitin},
   SORTNAME = {Heilman, Michael and Madnani, Nitin},
   TITLE = {The Impact of Training Data on Automated Short Answer Scoring Performance}}
@INPROCEEDINGS{bea-011,
   AUTHOR = {Niraula, Nobal Bikram and Rus, Vasile},
   SORTNAME = {Niraula, Nobal Bikram and Rus, Vasile},
   TITLE = {Judging the Quality of Automatically Generated Gap-fill Question using Active Learning}}
@INPROCEEDINGS{bea-012,
   AUTHOR = {Yannakoudakis, Helen and Cummins, Ronan},
   SORTNAME = {Yannakoudakis, Helen and Cummins, Ronan},
   TITLE = {Evaluating the performance of Automated Text Scoring systems}}
@INPROCEEDINGS{bea-013,
   AUTHOR = {Somasundaran, Swapna and Lee, Chong Min and Chodorow, Martin and Wang, Xinhao},
   SORTNAME = {Somasundaran, Swapna and Lee, Chong Min and Chodorow, Martin and Wang, Xinhao},
   TITLE = {Automated Scoring of Picture-based Story Narration}}
@INPROCEEDINGS{bea-014,
   AUTHOR = {Madnani, Nitin and Chodorow, Martin and Cahill, Aoife and Lopez, Melissa and Futagi, Yoko and Attali, Yigal},
   SORTNAME = {Madnani, Nitin and Chodorow, Martin and Cahill, Aoife and Lopez, Melissa and Futagi, Yoko and Attali, Yigal},
   TITLE = {Preliminary Experiments on Crowdsourced Evaluation of Feedback Granularity}}
@INPROCEEDINGS{bea-015,
   AUTHOR = {Farra, Noura and Somasundaran, Swapna and Burstein, Jill},
   SORTNAME = {Farra, Noura and Somasundaran, Swapna and Burstein, Jill},
   TITLE = {Scoring Persuasive Essays Using Opinions and their Targets}}
@INPROCEEDINGS{bea-018,
   AUTHOR = {Kumar, Girish and Banchs, Rafael and D'Haro, Luis Fernando},
   SORTNAME = {Kumar, Girish and Banchs, Rafael and D'Haro, Luis Fernando},
   TITLE = {RevUP: Automatic Gap-Fill Question Generation from Educational Texts}}
@INPROCEEDINGS{bea-019,
   AUTHOR = {Goutte, Cyril and Durand, Guillaume and Leger, Serge},
   SORTNAME = {Goutte, Cyril and Durand, Guillaume and Leger, Serge},
   TITLE = {Towards Automatic Description of Knowledge Components}}
@INPROCEEDINGS{bea-022,
   AUTHOR = {Volodina, Elena and Pijetlovic, Dijana},
   SORTNAME = {Volodina, Elena and Pijetlovic, Dijana},
   TITLE = {Lark Trills for Language Drills: Text-to-speech technology for language learners}}
@INPROCEEDINGS{bea-024,
   AUTHOR = {Malmasi, Shervin and Cahill, Aoife},
   SORTNAME = {Malmasi, Shervin and Cahill, Aoife},
   TITLE = {Measuring Feature Diversity in Native Language Identification}}
@INPROCEEDINGS{bea-026,
   AUTHOR = {Zesch, Torsten and Wojatzki, Michael and Scholten-Akoun, Dirk},
   SORTNAME = {Zesch, Torsten and Wojatzki, Michael and Scholten-Akoun, Dirk},
   TITLE = {Task-Independent Features for Automated Essay Grading}}
@INPROCEEDINGS{bea-027,
   AUTHOR = {Wang, Maolin and Malmasi, Shervin and Huang, Mingxuan},
   SORTNAME = {Wang, Maolin and Malmasi, Shervin and Huang, Mingxuan},
   TITLE = {The Jinan Chinese Learner Corpus}}
@INPROCEEDINGS{bea-028,
   AUTHOR = {Zhang, Fan and Litman, Diane},
   SORTNAME = {Zhang, Fan and Litman, Diane},
   TITLE = {Annotation and Classification of Argumentative Writing Revisions}}
@INPROCEEDINGS{bea-029,
   AUTHOR = {Malmasi, Shervin and Tetreault, Joel and Dras, Mark},
   SORTNAME = {Malmasi, Shervin and Tetreault, Joel and Dras, Mark},
   TITLE = {Oracle and Human Baselines for Native Language Identification}}
@INPROCEEDINGS{bea-003,
   AUTHOR = {Beinborn, Lisa and Zesch, Torsten and Gurevych, Iryna},
   SORTNAME = {Beinborn, Lisa and Zesch, Torsten and Gurevych, Iryna},
   TITLE = {Candidate evaluation strategies for improved difficulty prediction of language tests}}
@INPROCEEDINGS{bea-030,
   AUTHOR = {Ramachandran, Lakshmi and Foltz, Peter},
   SORTNAME = {Ramachandran, Lakshmi and Foltz, Peter},
   TITLE = {Generating Reference Texts for Short Answer Scoring Using Graph-based Summarization}}
@INPROCEEDINGS{bea-031,
   AUTHOR = {Mathew, Ditty and Eswaran, Dhivya and Chakraborti, Sutanu},
   SORTNAME = {Mathew, Ditty and Eswaran, Dhivya and Chakraborti, Sutanu},
   TITLE = {Towards Creating Pedagogic Views from Encyclopedic Resources}}
@INPROCEEDINGS{bea-032,
   AUTHOR = {Ramachandran, Lakshmi and Cheng, Jian and Foltz, Peter},
   SORTNAME = {Ramachandran, Lakshmi and Cheng, Jian and Foltz, Peter},
   TITLE = {Identifying Patterns For Short Answer Scoring Using Graph-based Lexico-Semantic Text Matching}}
@INPROCEEDINGS{bea-033,
   AUTHOR = {Willis, Alistair},
   SORTNAME = {Willis, Alistair},
   TITLE = {Using NLP to Support Scalable Assessment of Short Free Text Responses}}
@INPROCEEDINGS{bea-037,
   AUTHOR = {Daudaravicius, Vidas},
   SORTNAME = {Daudaravicius, Vidas},
   TITLE = {Automated Evaluation of Scientific Writing: AESW Shared Task Proposal}}
@INPROCEEDINGS{bea-038,
   AUTHOR = {Kochmar, Ekaterina and Briscoe, Ted},
   SORTNAME = {Kochmar, Ekaterina and Briscoe, Ted},
   TITLE = {Using Learner Data to Improve Error Correction in Adjective---Noun Combinations}}
@INPROCEEDINGS{bea-039,
   AUTHOR = {Ledbetter, Scott and Dickinson, Markus},
   SORTNAME = {Ledbetter, Scott and Dickinson, Markus},
   TITLE = {Automatic morphological analysis of learner Hungarian}}
@INPROCEEDINGS{bea-040,
   AUTHOR = {Rahimi, Zahra and Litman, Diane and Wang, Elaine and Correnti, Richard},
   SORTNAME = {Rahimi, Zahra and Litman, Diane and Wang, Elaine and Correnti, Richard},
   TITLE = {Incorporating Coherence of Topics as a Criterion in Automatic Response-to-Text Assessment of the Organization of Writing}}
@INPROCEEDINGS{bea-041,
   AUTHOR = {Jaffe, Evan and White, Michael and Schuler, William and Fosler-Lussier, Eric and Rosenfeld, Alex and Danforth, Douglas},
   SORTNAME = {Jaffe, Evan and White, Michael and Schuler, William and Fosler-Lussier, Eric and Rosenfeld, Alex and Danforth, Douglas},
   TITLE = {Interpreting Questions with a Log-Linear Ranking Model in a Virtual Patient Dialogue System}}
@INPROCEEDINGS{bea-043,
   AUTHOR = {Napoles, Courtney and Callison-Burch, Chris},
   SORTNAME = {Napoles, Courtney and Callison-Burch, Chris},
   TITLE = {Automatically Scoring Freshman Writing: A Preliminary Investigation}}
@INPROCEEDINGS{bea-044,
   AUTHOR = {Wilson, Joshua and Martin, Trish},
   SORTNAME = {Wilson, Joshua and Martin, Trish},
   TITLE = {Using PEGWritingÂ® to Support the Writing Motivation and Writing Quality of Eighth-Grade Students: A Quasi-Experimental Study}}
@INPROCEEDINGS{bea-046,
   AUTHOR = {Chen, Wei-Fan and Chen, MeiHua and Ku, Lun-Wei},
   SORTNAME = {Chen, Wei-Fan and Chen, MeiHua and Ku, Lun-Wei},
   TITLE = {Embarrassed or Awkward? Ranking Emotion Synonyms for ESL Learners' Appropriate Wording}}
@INPROCEEDINGS{bea-006,
   AUTHOR = {Loukina, Anastassia and Zechner, Klaus and Chen, Lei and Heilman, Michael},
   SORTNAME = {Loukina, Anastassia and Zechner, Klaus and Chen, Lei and Heilman, Michael},
   TITLE = {Feature selection for automated speech scoring}}
@INPROCEEDINGS{bea-009,
   AUTHOR = {Zesch, Torsten and Heilman, Michael and Cahill, Aoife},
   SORTNAME = {Zesch, Torsten and Heilman, Michael and Cahill, Aoife},
   TITLE = {Reducing Annotation Efforts in Supervised Short Answer Scoring}}
