@INPROCEEDINGS{eancs-007,
   AUTHOR = {Yeh, Yi-Ting and Eskenazi, Maxine and Mehri, Shikib},
   SORTNAME = {Yeh, Yi-Ting and Eskenazi, Maxine and Mehri, Shikib},
   TITLE = {A Comprehensive Assessment of Dialog Evaluation Metrics}}
@INPROCEEDINGS{eancs-006,
   AUTHOR = {Arava, Radhika and Trager, Matthew and Yu, Boya and Abdelhady, Mohamed},
   SORTNAME = {Arava, Radhika and Trager, Matthew and Yu, Boya and Abdelhady, Mohamed},
   TITLE = {Unsupervised Testing of NLU models with Multiple Views}}
@INPROCEEDINGS{eancs-004,
   AUTHOR = {Huang, Yi and Feng, Junlan and Wu, Xiaoting and Du, Xiaoyu},
   SORTNAME = {Huang, Yi and Feng, Junlan and Wu, Xiaoting and Du, Xiaoyu},
   TITLE = {Counterfactual Matters: Intrinsic Probing For Dialogue State Tracking}}
@INPROCEEDINGS{eancs-005,
   AUTHOR = {Coca, Alexandru and Tseng, Bo-Hsiang and Byrne, Bill},
   SORTNAME = {Coca, Alexandru and Tseng, Bo-Hsiang and Byrne, Bill},
   TITLE = {GCDF1: A Goal- and Context- Driven F-Score for Evaluating User Models}}
