@INPROCEEDINGS{mwe-010,
   AUTHOR = {Eryiğit, Gülşen and ADALI, Kübra and Torunoğlu-Selamet, Dilara and Sulubacak, Umut and Pamay, Tuğba},
   SORTNAME = {Eryigit, Gulsen and ADALI, Kubra and Torunoglu-Selamet, Dilara and Sulubacak, Umut and Pamay, Tugba},
   TITLE = {Annotation and Extraction of Multiword Expressions in Turkish Treebanks}}
@INPROCEEDINGS{mwe-013,
   AUTHOR = {Lam, Khang Nhut and Al Tarouti, Feras and Kalita, Jugal},
   SORTNAME = {Lam, Khang Nhut and Al Tarouti, Feras and Kalita, Jugal},
   TITLE = {Phrase translation using a bilingual dictionary and n-gram data: A case study from Vietnamese to English}}
@INPROCEEDINGS{mwe-014,
   AUTHOR = {Boguraev, Branimir and Manandise, Esme and Segal, Benjamin},
   SORTNAME = {Boguraev, Branimir and Manandise, Esme and Segal, Benjamin},
   TITLE = {The Bare Necessities: Increasing Lexical Coverage for Multi-Word Domain Terms with Less Lexical Data}}
@INPROCEEDINGS{mwe-015,
   AUTHOR = {Farahmand, Meghdad and Smith, Aaron and Nivre, Joakim},
   SORTNAME = {Farahmand, Meghdad and Smith, Aaron and Nivre, Joakim},
   TITLE = {A Multiword Expression Data Set: Annotating Non-Compositionality and Conventionalization for English Noun Compounds}}
@INPROCEEDINGS{mwe-016,
   AUTHOR = {Farahmand, Meghdad and Nivre, Joakim},
   SORTNAME = {Farahmand, Meghdad and Nivre, Joakim},
   TITLE = {Modeling the Statistical Idiosyncrasy of Multiword Expressions}}
@INPROCEEDINGS{mwe-017,
   AUTHOR = {Rondon, Alexandre and Caseli, Helena and Ramisch, Carlos},
   SORTNAME = {Rondon, Alexandre and Caseli, Helena and Ramisch, Carlos},
   TITLE = {Never-Ending Multiword Expressions Learning}}
@INPROCEEDINGS{mwe-018,
   AUTHOR = {Cap, Fabienne and Nirmal, Manju and Weller, Marion and Schulte im Walde, Sabine},
   SORTNAME = {Cap, Fabienne and Nirmal, Manju and Weller, Marion and Schulte im Walde, Sabine},
   TITLE = {How to Account for Idiomatic German Support Verb Constructions in Statistical Machine Translation}}
@INPROCEEDINGS{mwe-019,
   AUTHOR = {Tutubalina, Elena},
   SORTNAME = {Tutubalina, Elena},
   TITLE = {Clustering-based Approach to Multiword Expression Extraction and Ranking}}
@INPROCEEDINGS{mwe-021,
   AUTHOR = {Sangati, Federico and van Cranenburgh, Andreas},
   SORTNAME = {Sangati, Federico and van Cranenburgh, Andreas},
   TITLE = {Multiword Expression Identification with Recurring Tree Fragments and Association Measures}}
@INPROCEEDINGS{mwe-023,
   AUTHOR = {Goodkind, Adam and Rosenberg, Andrew},
   SORTNAME = {Goodkind, Adam and Rosenberg, Andrew},
   TITLE = {Muddying The Multiword Expression Waters: How Cognitive Demand Affects Multiword Expression Production}}
@INPROCEEDINGS{mwe-026,
   AUTHOR = {Salehi, Bahar and Mathur, Nitika and Cook, Paul and Baldwin, Timothy},
   SORTNAME = {Salehi, Bahar and Mathur, Nitika and Cook, Paul and Baldwin, Timothy},
   TITLE = {The Impact of Multiword Expression Compositionality on Machine Translation Evaluation}}
@INPROCEEDINGS{mwe-028,
   AUTHOR = {Kay, Paul and Michaelis, Laura A.},
   SORTNAME = {Kay, Paul and Michaelis, Laura A.},
   TITLE = {How Constructions Mean}}
@INPROCEEDINGS{mwe-004,
   AUTHOR = {Brooke, Julian and Hammond, Adam and Jacob, David and Tsang, Vivian and Hirst, Graeme and Shein, Fraser},
   SORTNAME = {Brooke, Julian and Hammond, Adam and Jacob, David and Tsang, Vivian and Hirst, Graeme and Shein, Fraser},
   TITLE = {Building a Lexicon of Formulaic Language for Language Learners}}
@INPROCEEDINGS{mwe-007,
   AUTHOR = {Marvel, Aron and Koenig, Jean-Pierre},
   SORTNAME = {Marvel, Aron and Koenig, Jean-Pierre},
   TITLE = {Event Categorization beyond Verb Senses}}
@INPROCEEDINGS{mwe-009,
   AUTHOR = {Nokel, Michael and Loukachevitch, Natalia},
   SORTNAME = {Nokel, Michael and Loukachevitch, Natalia},
   TITLE = {A Method of Accounting Bigrams in Topic Models}}
