@INPROCEEDINGS{MRL-061,
   AUTHOR = {Krishnan, Jitin and Anastasopoulos, Antonios and Purohit, Hemant and Rangwala, Huzefa},
   SORTNAME = {Krishnan, Jitin and Anastasopoulos, Antonios and Purohit, Hemant and Rangwala, Huzefa},
   TITLE = {Multilingual Code-Switching for Zero-Shot Cross-Lingual Intent Prediction and Slot Filling}}
@INPROCEEDINGS{MRL-059,
   AUTHOR = {Thakkar, Megh and Shah, Vishwa and Sawhney, Ramit and Mukherjee, Debdoot},
   SORTNAME = {Thakkar, Megh and Shah, Vishwa and Sawhney, Ramit and Mukherjee, Debdoot},
   TITLE = {Sequence Mixup for Zero-Shot Cross-Lingual Part-Of-Speech Tagging}}
@INPROCEEDINGS{MRL-057,
   AUTHOR = {Taktasheva, Ekaterina and Mikhailov, Vladislav and Artemova, Ekaterina},
   SORTNAME = {Taktasheva, Ekaterina and Mikhailov, Vladislav and Artemova, Ekaterina},
   TITLE = {Shaking Syntactic Trees on the Sesame Street: Multilingual Probing with Controllable Perturbations}}
@INPROCEEDINGS{MRL-056,
   AUTHOR = {Prasad, Archiki and Rehan, Mohammad Ali and Pathak, Shreya and Jyothi, Preethi},
   SORTNAME = {Prasad, Archiki and Rehan, Mohammad Ali and Pathak, Shreya and Jyothi, Preethi},
   TITLE = {The Effectiveness of Intermediate-Task Training for Code-Switched Natural Language Understanding}}
@INPROCEEDINGS{MRL-058,
   AUTHOR = {Sawhney, Ramit and Thakkar, Megh and Pandit, Shrey and Mukherjee, Debdoot and Flek, Lucie},
   SORTNAME = {Sawhney, Ramit and Thakkar, Megh and Pandit, Shrey and Mukherjee, Debdoot and Flek, Lucie},
   TITLE = {DMix: Distance Constrained Interpolative Mixup}}
@INPROCEEDINGS{MRL-060,
   AUTHOR = {Wada, Takashi and Iwata, Tomoharu and Matsumoto, Yuji and Baldwin, Timothy and Lau, Jey Han},
   SORTNAME = {Wada, Takashi and Iwata, Tomoharu and Matsumoto, Yuji and Baldwin, Timothy and Lau, Jey Han},
   TITLE = {Learning Contextualised Cross-lingual Word Embeddings and Alignments for Extremely Low-Resource Languages Using Parallel Corpora}}
@INPROCEEDINGS{MRL-034,
   AUTHOR = {Cserháti, Réka and Berend, Gábor},
   SORTNAME = {Cserhati, Reka and Berend, Gabor},
   TITLE = {Identifying the Importance of Content Overlap for Better Cross-lingual Embedding Mappings}}
@INPROCEEDINGS{MRL-018,
   AUTHOR = {Zhang, Xinyu and Ma, Xueguang and Shi, Peng and Lin, Jimmy},
   SORTNAME = {Zhang, Xinyu and Ma, Xueguang and Shi, Peng and Lin, Jimmy},
   TITLE = {Mr. TyDi: A Multi-lingual Benchmark for Dense Retrieval}}
@INPROCEEDINGS{MRL-027,
   AUTHOR = {Gupta, Vikram},
   SORTNAME = {Gupta, Vikram},
   TITLE = {Multilingual and Multilabel Emotion Recognition using Virtual Adversarial Training}}
@INPROCEEDINGS{MRL-007,
   AUTHOR = {Kim, Jongin and Choi, Nayoung and Lim, Seunghyun and Kim, Jungwhan and Chung, Soojin and Woo, Hyunsoo and Song, Min and Choi, Jinho D.},
   SORTNAME = {Kim, Jongin and Choi, Nayoung and Lim, Seunghyun and Kim, Jungwhan and Chung, Soojin and Woo, Hyunsoo and Song, Min and Choi, Jinho D.},
   TITLE = {Analysis of Zero-Shot Crosslingual Learning between English and Korean for Named Entity Recognition}}
@INPROCEEDINGS{MRL-017,
   AUTHOR = {Phung, Duy and Minh Tran, Hieu and Nguyen, Minh Van and Nguyen, Thien Huu},
   SORTNAME = {Phung, Duy and Minh Tran, Hieu and Nguyen, Minh Van and Nguyen, Thien Huu},
   TITLE = {Learning Cross-lingual Representations for Event Coreference Resolution with Multi-view Alignment and Optimal Transport}}
@INPROCEEDINGS{MRL-010,
   AUTHOR = {Bassani, Riccardo and Søgaard, Anders and Deoskar, Tejaswini},
   SORTNAME = {Bassani, Riccardo and Søgaard, Anders and Deoskar, Tejaswini},
   TITLE = {Clustering Monolingual Vocabularies to Improve Cross-Lingual Generalization}}
@INPROCEEDINGS{MRL-019,
   AUTHOR = {Alberts, Houda and Huang, Ningyuan and Deshpande, Yash and Liu, Yibo and Cho, Kyunghyun and Vania, Clara and Calixto, Iacer},
   SORTNAME = {Alberts, Houda and Huang, Ningyuan and Deshpande, Yash and Liu, Yibo and Cho, Kyunghyun and Vania, Clara and Calixto, Iacer},
   TITLE = {VisualSem: a high-quality knowledge graph for vision and language}}
@INPROCEEDINGS{MRL-044,
   AUTHOR = {Ogueji, Kelechi and Zhu, Yuxin and Lin, Jimmy},
   SORTNAME = {Ogueji, Kelechi and Zhu, Yuxin and Lin, Jimmy},
   TITLE = {Small Data? No Problem! Exploring the Viability of Pretrained Multilingual Language Models for Low-resourced Languages}}
@INPROCEEDINGS{MRL-043,
   AUTHOR = {Winata, Genta Indra and Madotto, Andrea and Lin, Zhaojiang and Liu, Rosanne and Yosinski, Jason and Fung, Pascale},
   SORTNAME = {Winata, Genta Indra and Madotto, Andrea and Lin, Zhaojiang and Liu, Rosanne and Yosinski, Jason and Fung, Pascale},
   TITLE = {Language Models are Few-shot Multilingual Learners}}
@INPROCEEDINGS{MRL-036,
   AUTHOR = {Rezaee, Kiamehr and Loureiro, Daniel and Camacho-Collados, Jose and Pilehvar, Mohammad Taher},
   SORTNAME = {Rezaee, Kiamehr and Loureiro, Daniel and Camacho-Collados, Jose and Pilehvar, Mohammad Taher},
   TITLE = {On the Cross-lingual Transferability of Contextualized Sense Embeddings}}
@INPROCEEDINGS{MRL-030,
   AUTHOR = {K, Karthikeyan and Sathe, Aalok and Aditya, Somak and Choudhury, Monojit},
   SORTNAME = {K, Karthikeyan and Sathe, Aalok and Aditya, Somak and Choudhury, Monojit},
   TITLE = {Analyzing the Effects of Reasoning Types on Cross-Lingual Transfer Performance}}
@INPROCEEDINGS{MRL-055,
   AUTHOR = {Jegadeesan, Monisha and Kumar, Sachin and Wieting, John and Tsvetkov, Yulia},
   SORTNAME = {Jegadeesan, Monisha and Kumar, Sachin and Wieting, John and Tsvetkov, Yulia},
   TITLE = {Improving the Diversity of Unsupervised Paraphrasing with Embedding Outputs}}
@INPROCEEDINGS{MRL-046,
   AUTHOR = {Patil, Rajaswa and Dhillon, Jasleen and Mahurkar, Siddhant and Kulkarni, Saumitra and Malhotra, Manav and Baths, Veeky},
   SORTNAME = {Patil, Rajaswa and Dhillon, Jasleen and Mahurkar, Siddhant and Kulkarni, Saumitra and Malhotra, Manav and Baths, Veeky},
   TITLE = {{V}yākarana: {A} Colorless Green Benchmark for Syntactic Evaluation in Indic Languages}}
@INPROCEEDINGS{MRL-048,
   AUTHOR = {Goldman, Omer and Tsarfaty, Reut},
   SORTNAME = {Goldman, Omer and Tsarfaty, Reut},
   TITLE = {Well-Defined Morphology is Sentence-Level Morphology}}
@INPROCEEDINGS{MRL-012,
   AUTHOR = {Woller, Lisa and Hangya, Viktor and Fraser, Alexander},
   SORTNAME = {Woller, Lisa and Hangya, Viktor and Fraser, Alexander},
   TITLE = {Do not neglect related languages: The case of low-resource Occitan cross-lingual word embeddings}}
@INPROCEEDINGS{MRL-049,
   AUTHOR = {Shi, Peng and Zhang, Rui and Bai, He and Lin, Jimmy},
   SORTNAME = {Shi, Peng and Zhang, Rui and Bai, He and Lin, Jimmy},
   TITLE = {Cross-Lingual Training of Dense Retrievers for Document Retrieval}}
@INPROCEEDINGS{MRL-013,
   AUTHOR = {Chau, Ethan C. and Smith, Noah A.},
   SORTNAME = {Chau, Ethan C. and Smith, Noah A.},
   TITLE = {Specializing Multilingual Language Models: An Empirical Study}}
@INPROCEEDINGS{MRL-022,
   AUTHOR = {Cooper Stickland, Asa and Murray, Iain},
   SORTNAME = {Cooper Stickland, Asa and Murray, Iain},
   TITLE = {Regularising Fisher Information Improves Cross-lingual Generalisation}}
