@INPROCEEDINGS{metaphor-010,
   AUTHOR = {Gargett, Andrew and Barnden, John},
   SORTNAME = {Gargett, Andrew and Barnden, John},
   TITLE = {Modeling the interaction between sensory and affective meanings for detecting metaphor}}
@INPROCEEDINGS{metaphor-011,
   AUTHOR = {Shaikh, Samira and Strzalkowski, Tomek and Taylor, Sarah and Lien, John and Liu, Ting and Broadwell, George Aaron and Feldman, Laurie and Yamrom, Boris and Cho, Kit and Peshkova, Yuliya},
   SORTNAME = {Shaikh, Samira and Strzalkowski, Tomek and Taylor, Sarah and Lien, John and Liu, Ting and Broadwell, George Aaron and Feldman, Laurie and Yamrom, Boris and Cho, Kit and Peshkova, Yuliya},
   TITLE = {Understanding Cultural Conflicts using Metaphors and Sociolinguistic Measures of Influence}}
@INPROCEEDINGS{metaphor-012,
   AUTHOR = {Gordon, Jonathan and Hobbs, Jerry and May, Jonathan and Mohler, Michael and Morbini, Fabrizio and Rink, Bryan and Tomlinson, Marc and Wertheim, Suzanne},
   SORTNAME = {Gordon, Jonathan and Hobbs, Jerry and May, Jonathan and Mohler, Michael and Morbini, Fabrizio and Rink, Bryan and Tomlinson, Marc and Wertheim, Suzanne},
   TITLE = {A Corpus of Rich Metaphor Annotation}}
@INPROCEEDINGS{metaphor-013,
   AUTHOR = {Gordon, Jonathan and Hobbs, Jerry and May, Jonathan and Morbini, Fabrizio},
   SORTNAME = {Gordon, Jonathan and Hobbs, Jerry and May, Jonathan and Morbini, Fabrizio},
   TITLE = {High-Precision Abductive Mapping of Multilingual Metaphors}}
@INPROCEEDINGS{metaphor-014,
   AUTHOR = {Dodge, Ellen and Hong, Jisup and Stickles, Elise},
   SORTNAME = {Dodge, Ellen and Hong, Jisup and Stickles, Elise},
   TITLE = {MetaNet: Deep semantic automatic metaphor analysis}}
@INPROCEEDINGS{metaphor-015,
   AUTHOR = {Tekiroglu, Serra Sinem and Özbal, Gözde and Strapparava, Carlo},
   SORTNAME = {Tekiroglu, Serra Sinem and Ozbal, Gozde and Strapparava, Carlo},
   TITLE = {Exploring Sensorial Features for Metaphor Identification}}
@INPROCEEDINGS{metaphor-005,
   AUTHOR = {Veale, Tony},
   SORTNAME = {Veale, Tony},
   TITLE = {Fighting Words and Antagonistic Worlds}}
@INPROCEEDINGS{metaphor-006,
   AUTHOR = {Li, Bin and Bai, Xiaopeng and Yin, Siqi and Xu, Jie},
   SORTNAME = {Li, Bin and Bai, Xiaopeng and Yin, Siqi and Xu, Jie},
   TITLE = {Chinese CogBank: Where to See the Cognitive Features of Chinese Words}}
@INPROCEEDINGS{metaphor-007,
   AUTHOR = {Jang, Hyeju and Wen, Miaomiao and Rose, Carolyn},
   SORTNAME = {Jang, Hyeju and Wen, Miaomiao and Rose, Carolyn},
   TITLE = {Effects of Situational Factors on Metaphor Detection in an Online Discussion Forum}}
@INPROCEEDINGS{metaphor-009,
   AUTHOR = {Beigman Klebanov, Beata and Leong, Chee Wee and Flor, Michael},
   SORTNAME = {Beigman Klebanov, Beata and Leong, Chee Wee and Flor, Michael},
   TITLE = {Supervised Word-Level Metaphor Detection: Experiments with Concreteness and Reweighting of Examples}}
