@INPROCEEDINGS{clfl-013,
   AUTHOR = {Scrivner, Olga and Kübler, Sandra},
   SORTNAME = {Scrivner, Olga and Kubler, Sandra},
   TITLE = {Tools for Digital Humanities: Enabling Access to the Old Occitan Romance of Flamenca}}
@INPROCEEDINGS{clfl-014,
   AUTHOR = {Navarro, Borja},
   SORTNAME = {Navarro, Borja},
   TITLE = {A computational linguistic approach to Spanish Golden Age Sonnets: metrical and semantic aspects}}
@INPROCEEDINGS{clfl-015,
   AUTHOR = {Jayannavar, Prashant and Agarwal, Apoorv and Ju, Melody and Rambow, Owen},
   SORTNAME = {Jayannavar, Prashant and Agarwal, Apoorv and Ju, Melody and Rambow, Owen},
   TITLE = {Validating Literary Theories Using Automatic Social Network Extraction}}
@INPROCEEDINGS{clfl-016,
   AUTHOR = {Krug, Markus and Puppe, Frank and Jannidis, Fotis and Macharowsky, Luisa and Reger, Isabella and Weimar, Lukas},
   SORTNAME = {Krug, Markus and Puppe, Frank and Jannidis, Fotis and Macharowsky, Luisa and Reger, Isabella and Weimar, Lukas},
   TITLE = {Rule-based Coreference Resolution in German Historic Novels}}
@INPROCEEDINGS{clfl-017,
   AUTHOR = {McCurdy, Nina and Srikumar, Vivek and Meyer, Miriah},
   SORTNAME = {McCurdy, Nina and Srikumar, Vivek and Meyer, Miriah},
   TITLE = {RhymeDesign: A Tool for Analyzing Sonic Devices in Poetry}}
@INPROCEEDINGS{clfl-018,
   AUTHOR = {Brooke, Julian and Hammond, Adam and Hirst, Graeme},
   SORTNAME = {Brooke, Julian and Hammond, Adam and Hirst, Graeme},
   TITLE = {GutenTag: an NLP-driven Tool for Digital Humanities Research in the Project Gutenberg Corpus}}
@INPROCEEDINGS{clfl-019,
   AUTHOR = {van Cranenburgh, Andreas and Koolen, Corina},
   SORTNAME = {van Cranenburgh, Andreas and Koolen, Corina},
   TITLE = {Identifying Literary Texts with Bigrams}}
@INPROCEEDINGS{clfl-002,
   AUTHOR = {Delmonte, Rodolfo},
   SORTNAME = {Delmonte, Rodolfo},
   TITLE = {Visualizing Poetry with SPARSAR --- Visual Maps from Poetic Content}}
@INPROCEEDINGS{clfl-020,
   AUTHOR = {Evert, Stefan and Proisl, Thomas and Vitt, Thorsten and Schöch, Christof and Jannidis, Fotis and Pielström, Steffen},
   SORTNAME = {Evert, Stefan and Proisl, Thomas and Vitt, Thorsten and Schoch, Christof and Jannidis, Fotis and Pielstrom, Steffen},
   TITLE = {Towards a better understanding of Burrows's Delta in literary authorship attribution}}
@INPROCEEDINGS{clfl-003,
   AUTHOR = {Kokkinakis, Dimitrios and Ighe, Ann and Malm, Mats},
   SORTNAME = {Kokkinakis, Dimitrios and Ighe, Ann and Malm, Mats},
   TITLE = {Gender-Based Vocation Identification in Swedish 19th Century Prose Fiction using Linguistic Patterns, NER and CRF Learning}}
@INPROCEEDINGS{clfl-005,
   AUTHOR = {Dubremetz, Marie and Nivre, Joakim},
   SORTNAME = {Dubremetz, Marie and Nivre, Joakim},
   TITLE = {Rhetorical Figure Detection: the Case of Chiasmus}}
@INPROCEEDINGS{clfl-006,
   AUTHOR = {Besacier, Laurent and Schwartz, Lane},
   SORTNAME = {Besacier, Laurent and Schwartz, Lane},
   TITLE = {AUTOMATED TRANSLATION OF A LITERARY WORK: A PILOT STUDY}}
@INPROCEEDINGS{clfl-007,
   AUTHOR = {Cap, Fabienne and Rösiger, Ina and Kuhn, Jonas},
   SORTNAME = {Cap, Fabienne and Rosiger, Ina and Kuhn, Jonas},
   TITLE = {A Pilot Experiment on Exploiting Translations for Literary Studies on Kafka's ``Verwandlung''}}
@INPROCEEDINGS{clfl-008,
   AUTHOR = {Toral, Antonio and Way, Andy},
   SORTNAME = {Toral, Antonio and Way, Andy},
   TITLE = {Translating Literary Text between Related Languages using SMT}}
