@INPROCEEDINGS{econlp-018,
   AUTHOR = {Del Corro, Luciano and Hoffart, Johannes},
   SORTNAME = {Del Corro, Luciano and Hoffart, Johannes},
   TITLE = {From Stock Prediction to Financial Relevance: Repurposing Attention Weights to Assess News Relevance Without Manual Annotations}}
@INPROCEEDINGS{econlp-009,
   AUTHOR = {Matsui, Akira and Ren, Xiang and Ferrara, Emilio},
   SORTNAME = {Matsui, Akira and Ren, Xiang and Ferrara, Emilio},
   TITLE = {Using Word Embedding to Reveal Monetary Policy Explanation Changes}}
@INPROCEEDINGS{econlp-011,
   AUTHOR = {Sohn, Kyunghwan and Kwon, Sunjae and Choi, Jaesik},
   SORTNAME = {Sohn, Kyunghwan and Kwon, Sunjae and Choi, Jaesik},
   TITLE = {The Global Banking Standards QA Dataset (GBS-QA)}}
@INPROCEEDINGS{econlp-016,
   AUTHOR = {Pawlicka Maule, Anna Paula and Johnson, Kristen},
   SORTNAME = {Pawlicka Maule, Anna Paula and Johnson, Kristen},
   TITLE = {Cryptocurrency Day Trading and Framing Prediction in Microblog Discourse}}
@INPROCEEDINGS{econlp-017,
   AUTHOR = {Ehara, Yo},
   SORTNAME = {Ehara, Yo},
   TITLE = {To What Extent Can English-as-a-Second Language Learners Read Economic News Texts?}}
@INPROCEEDINGS{econlp-001,
   AUTHOR = {Ahrens, Maximilian and McMahon, Michael},
   SORTNAME = {Ahrens, Maximilian and McMahon, Michael},
   TITLE = {Extracting Economic Signals from Central Bank Speeches}}
@INPROCEEDINGS{econlp-008,
   AUTHOR = {Basu, Priyam and Roy, Tiasa Singha and Naidu, Rakshit and Muftuoglu, Zumrut},
   SORTNAME = {Basu, Priyam and Roy, Tiasa Singha and Naidu, Rakshit and Muftuoglu, Zumrut},
   TITLE = {Privacy enabled Financial Text Classification using Differential Privacy and Federated Learning}}
@INPROCEEDINGS{econlp-004,
   AUTHOR = {Kim, Alex and Yoon, Sangwon},
   SORTNAME = {Kim, Alex and Yoon, Sangwon},
   TITLE = {Corporate Bankruptcy Prediction with BERT Model}}
@INPROCEEDINGS{econlp-003,
   AUTHOR = {Loukas, Lefteris and Fergadiotis, Manos and Androutsopoulos, Ion and Malakasiotis, Prodromos},
   SORTNAME = {Loukas, Lefteris and Fergadiotis, Manos and Androutsopoulos, Ion and Malakasiotis, Prodromos},
   TITLE = {EDGAR-CORPUS: Billions of Tokens Make The World Go Round}}
@INPROCEEDINGS{econlp-012,
   AUTHOR = {Lee, Meisin and Soon, Lay-Ki and Siew, Eu-Gene},
   SORTNAME = {Lee, Meisin and Soon, Lay-Ki and Siew, Eu-Gene},
   TITLE = {Effective Use of Graph Convolution Network and Contextual Sub-Tree for Commodity News Event Extraction}}
@INPROCEEDINGS{econlp-013,
   AUTHOR = {Peng, Bo and Chersoni, Emmanuele and Hsu, Yu-Yin and Huang, Chu-Ren},
   SORTNAME = {Peng, Bo and Chersoni, Emmanuele and Hsu, Yu-Yin and Huang, Chu-Ren},
   TITLE = {Is Domain Adaptation Worth Your Investment? Comparing BERT and FinBERT on Financial Tasks}}
@INPROCEEDINGS{econlp-005,
   AUTHOR = {Hu, Jiahui and Paroubek, Patrick},
   SORTNAME = {Hu, Jiahui and Paroubek, Patrick},
   TITLE = {A Fine-Grained Annotated Corpus for Target-Based Opinion Analysis of Economic and Financial Narratives}}
