@INPROCEEDINGS{tacl-485,
  AUTHOR = {Wang Jing and Bansal, Mohit and Gimpel, Kevin and Ziebart, Brian D. and Yu, Clement T.},
  TITLE = {[TACL] A sense-topic model for WSI with unsupervised data enrichment},
  SORTNAME = {[TACL] A sense-topic model for WSI with unsupervised data enrichment}}

@INPROCEEDINGS{tacl-403,
  AUTHOR = {Paul, Michael J. and Dredze, Mark},
  TITLE = {[TACL] SPRITE: Generalizing Topic Models with Structured Priors},
  SORTNAME = {[TACL] SPRITE: Generalizing Topic Models with Structured Priors}}

@INPROCEEDINGS{tacl-429,
  AUTHOR = {Chandlee, Jane and Eyraud, Remi and Heinz, Jeffrey},
  TITLE = {[TACL] Learning Strictly Local Subsequential Functions},
  SORTNAME = {[TACL] Learning Strictly Local Subsequential Functions}}

@INPROCEEDINGS{tacl-255,
  AUTHOR = {Chambers, Nathanael and Cassidy, Taylor and McDowell, Bill and Bethard, Steven},
  TITLE = {[TACL] Dense Event Ordering with a Multi-Pass Architecture},
  SORTNAME = {[TACL] Dense Event Ordering with a Multi-Pass Architecture}}

@INPROCEEDINGS{tacl-452,
  AUTHOR = {Roy, Subhro and Vieira, Tim and Roth, Dan},
  TITLE = {[TACL] Reasoning about Quantities in Natural Language},
  SORTNAME = {[TACL] Reasoning about Quantities in Natural Language}}

@INPROCEEDINGS{tacl-371,
  AUTHOR = {Bamman, David and Smith, Noah A.},
  TITLE = {[TACL] Unsupervised Discovery of Biographical Structure from Text},
  SORTNAME = {[TACL] Unsupervised Discovery of Biographical Structure from Text}}

@INPROCEEDINGS{tacl-385,
  AUTHOR = {Qian, Xian and Liu, Yang},
  TITLE = {[TACL] 2-Slave Dual Decomposition for Generalized High Order CRFs},
  SORTNAME = {[TACL] 2-Slave Dual Decomposition for Generalized High Order CRFs}}

@INPROCEEDINGS{tacl-381,
  AUTHOR = {Clark, Jonathan H. and Dyer, Chris and Lavie, Alon},
  TITLE = {[TACL] Locally Non-Linear Learning for Statistical Machine Translation via Discretization and Structured Regularization},
  SORTNAME = {[TACL] Locally Non-Linear Learning for Statistical Machine Translation via Discretization and Structured Regularization}}

@INPROCEEDINGS{tacl-472,
  AUTHOR = {Guo, Yufan and Reichart, Roi and Korhonen, Anna},
  TITLE = {[TACL] Learning Constraints for Information Structure Analysis of Scientific Documents},
  SORTNAME = {[TACL] Learning Constraints for Information Structure Analysis of Scientific Documents}}

@INPROCEEDINGS{tacl-276,
  AUTHOR = {McMahan, Brian and Stone, Matthew},
  TITLE = {[TACL] A Bayesian Model of Grounded Color Semantics},
  SORTNAME = {[TACL] A Bayesian Model of Grounded Color Semantics}}

@INPROCEEDINGS{tacl-398,
  AUTHOR = {Reddy, Siva and Lapata, Mirella and Steedman, Mark},
  TITLE = {[TACL] Large-scale Semantic Parsing without Question-Answer Pairs},
  SORTNAME = {[TACL] Large-scale Semantic Parsing without Question-Answer Pairs}}

@INPROCEEDINGS{tacl-384,
  AUTHOR = {Rozovskaya, Alla and Roth, Dan},
  TITLE = {[TACL] Building a State-of-the-Art Grammatical Error Correction System},
  SORTNAME = {[TACL] Building a State-of-the-Art Grammatical Error Correction System}}

@INPROCEEDINGS{tacl-412,
  AUTHOR = {Durrett, Greg and Klein, Dan},
  TITLE = {[TACL] A Joint Model for Entity Analysis: Coreference, Typing, and Linking},
  SORTNAME = {[TACL] A Joint Model for Entity Analysis: Coreference, Typing, and Linking}}

@INPROCEEDINGS{tacl-414,
  AUTHOR = {Beinborn, Lisa and Zesch, Torsten and Gurevych, Iryna},
  TITLE = {[TACL] Predicting the Difficulty of Language Proficiency Tests},
  SORTNAME = {[TACL] Predicting the Difficulty of Language Proficiency Tests}}

@INPROCEEDINGS{tacl-488,
  AUTHOR = {Belinkov, Yonatan and Lei, Tao and Barzilay, Regina and Globerson, Amir},
  TITLE = {[TACL] Exploring Compositional Architectures and Word Vector Representations for Prepositional Phrase Attachment},
  SORTNAME = {[TACL] Exploring Compositional Architectures and Word Vector Representations for Prepositional Phrase Attachment}}

@INPROCEEDINGS{tacl-555,
  AUTHOR = {He, Hua and Lin, Jimmy and Lopez, Adam},
  TITLE = {[TACL] Gappy Pattern Matching on GPUs for On-Demand Extraction of Hierarchical Translation Grammars},
  SORTNAME = {[TACL] Gappy Pattern Matching on GPUs for On-Demand Extraction of Hierarchical Translation Grammars}}

@INPROCEEDINGS{tacl-457,
  AUTHOR = {Lapesa, Gabriella and Evert, Stefan},
  TITLE = {[TACL] A Large Scale Evaluation of Distributional Semantic Models: Parameters, Interactions and Model Selection},
  SORTNAME = {[TACL] A Large Scale Evaluation of Distributional Semantic Models: Parameters, Interactions and Model Selection}}

@INPROCEEDINGS{tacl-494,
  AUTHOR = {Chisholm, Andrew and Hachey, Ben},
  TITLE = {[TACL] Entity disambiguation with web links},
  SORTNAME = {[TACL] Entity disambiguation with web links}}

@INPROCEEDINGS{tacl-498,
  AUTHOR = {Xu, Wei and Ritter, Alan and Callison-Burch, Chris and Dolan, William B. and Ji, Yangfeng},
  TITLE = {[TACL] Extracting Lexically Divergent Paraphrases from Twitter},
  SORTNAME = {[TACL] Extracting Lexically Divergent Paraphrases from Twitter}}

