@INPROCEEDINGS{codi-020,
   AUTHOR = {Hemmatian, Babak and Feucht, Sheridan and Avram, Rachel and Wey, Alexander and Garg, Muskaan and Spitalnic, Kate and Eickhoff, Carsten and Pavlick, Ellie and Sandstede, Bjorn and Sloman, Steven A.},
   SORTNAME = {Hemmatian, Babak and Feucht, Sheridan and Avram, Rachel and Wey, Alexander and Garg, Muskaan and Spitalnic, Kate and Eickhoff, Carsten and Pavlick, Ellie and Sandstede, Bjorn and Sloman, Steven A.},
   TITLE = {A Novel Corpus of Discourse Structure in Humans and Computers}}
@INPROCEEDINGS{codi-018,
   AUTHOR = {Liu, Zhengyuan and Chen, Nancy},
   SORTNAME = {Liu, Zhengyuan and Chen, Nancy},
   TITLE = {Improving Multi-Party Dialogue Discourse Parsing via Domain Integration}}
@INPROCEEDINGS{codi-009,
   AUTHOR = {Chernyavskiy, Alexander and Ilvovsky, Dmitry},
   SORTNAME = {Chernyavskiy, Alexander and Ilvovsky, Dmitry},
   TITLE = {Improving Text Generation via Neural Discourse Planning}}
@INPROCEEDINGS{codi-011,
   AUTHOR = {Yung, Frances and Scholman, Merel and Demberg, Vera},
   SORTNAME = {Yung, Frances and Scholman, Merel and Demberg, Vera},
   TITLE = {A practical perspective on connective generation}}
@INPROCEEDINGS{codi-007,
   AUTHOR = {Mansimov, Elman and Melis, Gábor and Yu, Lei},
   SORTNAME = {Mansimov, Elman and Melis, Gabor and Yu, Lei},
   TITLE = {Capturing document context inside sentence-level neural machine translation models with self-training}}
@INPROCEEDINGS{codi-006,
   AUTHOR = {Marchal, Marian and Scholman, Merel and Demberg, Vera},
   SORTNAME = {Marchal, Marian and Scholman, Merel and Demberg, Vera},
   TITLE = {Semi-automatic discourse annotation in a low-resource language: Developing a connective lexicon for Nigerian Pidgin}}
@INPROCEEDINGS{codi-001,
   AUTHOR = {Li, Chuyuan and Amblard, Maxime and Braud, Chloé and demily, caroline and Franck, Nicolas and Musiol, Michel},
   SORTNAME = {Li, Chuyuan and Amblard, Maxime and Braud, Chloe and demily, caroline and Franck, Nicolas and Musiol, Michel},
   TITLE = {Investigating non lexical markers of the language of schizophrenia in spontaneous conversations}}
@INPROCEEDINGS{codi-010,
   AUTHOR = {Knaebel, René},
   SORTNAME = {Knaebel, Rene},
   TITLE = {discopy: A Neural System for Shallow Discourse Parsing}}
@INPROCEEDINGS{codi-019,
   AUTHOR = {Kim, Zae Myung and Nikoulina, Vassilina and Kang, Dongyeop and Schwab, Didier and Besacier, Laurent},
   SORTNAME = {Kim, Zae Myung and Nikoulina, Vassilina and Kang, Dongyeop and Schwab, Didier and Besacier, Laurent},
   TITLE = {Visualizing Cross‑Lingual Discourse Relations in Multilingual TED Corpora}}
@INPROCEEDINGS{codi-008,
   AUTHOR = {Federzoni, Silvia and Ho-Dac, Lydia-Mai and Fabre, Cécile},
   SORTNAME = {Federzoni, Silvia and Ho-Dac, Lydia-Mai and Fabre, Cecile},
   TITLE = {Coreference Chains Categorization by Sequence Clustering}}
@INPROCEEDINGS{codi-021,
   AUTHOR = {Kuznetsov, Denis and Evseev, Dmitry and Ostyakova, Lidia and Serikov, Oleg and Kornev, Daniel and Burtsev, Mikhail},
   SORTNAME = {Kuznetsov, Denis and Evseev, Dmitry and Ostyakova, Lidia and Serikov, Oleg and Kornev, Daniel and Burtsev, Mikhail},
   TITLE = {Discourse-Driven Integrated Dialogue Development Environment for Open-Domain Dialogue Systems}}
@INPROCEEDINGS{codi-024,
   AUTHOR = {, {}},
   SORTNAME = {, {}},
   TITLE = {Neural Anaphora Resolution in Dialogue}}
@INPROCEEDINGS{codi-023,
   AUTHOR = {Pamulapati, Vaishnavi and Mamidi, Radhika},
   SORTNAME = {Pamulapati, Vaishnavi and Mamidi, Radhika},
   TITLE = {Developing Conversational Data and Detection of Conversational Humor in Telugu}}
@INPROCEEDINGS{codi-015,
   AUTHOR = {Scholman, Merel and Dong, Tianai and Yung, Frances and Demberg, Vera},
   SORTNAME = {Scholman, Merel and Dong, Tianai and Yung, Frances and Demberg, Vera},
   TITLE = {Comparison of methods for explicit discourse connective identification across various domains}}
@INPROCEEDINGS{codi-003,
   AUTHOR = {Damgaard, Cathrine and Toborek, Paulina and Eriksen, Trine and Plank, Barbara},
   SORTNAME = {Damgaard, Cathrine and Toborek, Paulina and Eriksen, Trine and Plank, Barbara},
   TITLE = {''I'll be there for you'': The One with Understanding Indirect Answers}}
@INPROCEEDINGS{codi-012,
   AUTHOR = {Anthonio, Talita and Roth, Michael},
   SORTNAME = {Anthonio, Talita and Roth, Michael},
   TITLE = {Resolving Implicit References in Instructional Texts}}
@INPROCEEDINGS{codi-013,
   AUTHOR = {Zhao, Zheng and Webber, Bonnie},
   SORTNAME = {Zhao, Zheng and Webber, Bonnie},
   TITLE = {Revisiting Shallow Discourse Parsing in the PDTB-3: Handling Intra-sentential Implicits}}
@INPROCEEDINGS{codi-005,
   AUTHOR = {Lapshinova-Koltunski, Ekaterina and Przybyl, Heike and Bizzoni, Yuri},
   SORTNAME = {Lapshinova-Koltunski, Ekaterina and Przybyl, Heike and Bizzoni, Yuri},
   TITLE = {Tracing variation in discourse connectives in translation and interpreting through neural semantic spaces}}
@INPROCEEDINGS{codi-014,
   AUTHOR = {Liu, Zhengyuan and Shi, Ke and Chen, Nancy},
   SORTNAME = {Liu, Zhengyuan and Shi, Ke and Chen, Nancy},
   TITLE = {DMRST: A Joint Framework for Document-Level Multilingual RST Discourse Segmentation and Parsing}}
@INPROCEEDINGS{codi-025,
   AUTHOR = {Ros{\'e}, Carolyn},
   SORTNAME = {Ros{\'e}, Carolyn},
   TITLE = {The CODI-CRAC 2021 Shared Task on Anaphora, Bridging, and Discourse Deixis Resolution in Dialogue}}
