@INPROCEEDINGS{crac-020,
   AUTHOR = {Lu, Pengcheng and Poesio, Massimo},
   SORTNAME = {Lu, Pengcheng and Poesio, Massimo},
   TITLE = {Coreference Resolution for the Biomedical Domain: A Survey}}
@INPROCEEDINGS{crac-018,
   AUTHOR = {van Cranenburgh, Andreas and Ploeger, Esther and van den Berg, Frank and Thüss, Remi},
   SORTNAME = {van Cranenburgh, Andreas and Ploeger, Esther and van den Berg, Frank and Thuss, Remi},
   TITLE = {A Hybrid Rule-Based and Neural Coreference Resolution System with an Evaluation on Dutch Literature}}
@INPROCEEDINGS{crac-009,
   AUTHOR = {Gandhi, Nupoor and Field, Anjalie and Tsvetkov, Yulia},
   SORTNAME = {Gandhi, Nupoor and Field, Anjalie and Tsvetkov, Yulia},
   TITLE = {Improving Span Representation for Domain-adapted Coreference Resolution}}
@INPROCEEDINGS{crac-011,
   AUTHOR = {Wang, Liming and Feng, Shengyu and Lin, Xudong and Li, Manling and Ji, Heng and Chang, Shih-Fu},
   SORTNAME = {Wang, Liming and Feng, Shengyu and Lin, Xudong and Li, Manling and Ji, Heng and Chang, Shih-Fu},
   TITLE = {Coreference by Appearance: Visually Grounded Event Coreference Resolution}}
@INPROCEEDINGS{crac-007,
   AUTHOR = {Barrett, Maria and Lam, Hieu and Wu, Martin and Lacroix, Ophélie and Plank, Barbara and Søgaard, Anders},
   SORTNAME = {Barrett, Maria and Lam, Hieu and Wu, Martin and Lacroix, Ophelie and Plank, Barbara and Søgaard, Anders},
   TITLE = {Resources and Evaluations for Danish Entity Resolution}}
@INPROCEEDINGS{crac-016,
   AUTHOR = {Yadav, Nishant and Monath, Nicholas and Angell, Rico and McCallum, Andrew},
   SORTNAME = {Yadav, Nishant and Monath, Nicholas and Angell, Rico and McCallum, Andrew},
   TITLE = {Event and Entity Coreference using Trees to Encode Uncertainty in Joint Decisions}}
@INPROCEEDINGS{crac-006,
   AUTHOR = {Bitew, Semere Kiros and Deleu, Johannes and Develder, Chris and Demeester, Thomas},
   SORTNAME = {Bitew, Semere Kiros and Deleu, Johannes and Develder, Chris and Demeester, Thomas},
   TITLE = {Lazy Low-Resource Coreference Resolution: a Study on Leveraging Black-Box Translation Tools}}
@INPROCEEDINGS{crac-017,
   AUTHOR = {Han, Sooyoun and Seo, Sumin and Kang, Minji and Kim, Jongin and Choi, Nayoung and Song, Min and Choi, Jinho D.},
   SORTNAME = {Han, Sooyoun and Seo, Sumin and Kang, Minji and Kim, Jongin and Choi, Nayoung and Song, Min and Choi, Jinho D.},
   TITLE = {FantasyCoref: Coreference Resolution on Fantasy Literature Through Omniscient Writer's Point of View}}
@INPROCEEDINGS{crac-010,
   AUTHOR = {Aloraini, Abdulrahman and Poesio, Massimo},
   SORTNAME = {Aloraini, Abdulrahman and Poesio, Massimo},
   TITLE = {Data Augmentation Methods for Anaphoric Zero Pronouns}}
@INPROCEEDINGS{crac-019,
   AUTHOR = {Zhu, Yilun and Pradhan, Sameer and Zeldes, Amir},
   SORTNAME = {Zhu, Yilun and Pradhan, Sameer and Zeldes, Amir},
   TITLE = {Anatomy of OntoGUM---Adapting GUM to the OntoNotes Scheme to Evaluate Robustness of SOTA Coreference Algorithms}}
@INPROCEEDINGS{crac-004,
   AUTHOR = {Stylianou, Nikolaos and Vlahavas, Ioannis},
   SORTNAME = {Stylianou, Nikolaos and Vlahavas, Ioannis},
   TITLE = {CoreLM: Coreference-aware Language Model Fine-Tuning}}
@INPROCEEDINGS{crac-015,
   AUTHOR = {Min, Bonan},
   SORTNAME = {Min, Bonan},
   TITLE = {Exploring Pre-Trained Transformers and Bilingual Transfer Learning for Arabic Coreference Resolution}}
@INPROCEEDINGS{crac-003,
   AUTHOR = {Wu, Zhaofeng and Gardner, Matt},
   SORTNAME = {Wu, Zhaofeng and Gardner, Matt},
   TITLE = {Understanding Mention Detector-Linker Interaction in Neural Coreference Resolution}}
@INPROCEEDINGS{crac-012,
   AUTHOR = {Pagel, Janis and Reiter, Nils},
   SORTNAME = {Pagel, Janis and Reiter, Nils},
   TITLE = {DramaCoref: A Hybrid Coreference Resolution System for German Theater Plays}}
@INPROCEEDINGS{crac-002,
   AUTHOR = {Zhang, Hongming and Zhao, Xinran and Song, Yangqiu},
   SORTNAME = {Zhang, Hongming and Zhao, Xinran and Song, Yangqiu},
   TITLE = {A Brief Survey and Comparative Study of Recent Development of Pronoun Coreference Resolution in English}}
@INPROCEEDINGS{crac-005,
   AUTHOR = {Toshniwal, Shubham and Xia, Patrick and Wiseman, Sam and Livescu, Karen and Gimpel, Kevin},
   SORTNAME = {Toshniwal, Shubham and Xia, Patrick and Wiseman, Sam and Livescu, Karen and Gimpel, Kevin},
   TITLE = {On Generalization in Coreference Resolution}}
