@INPROCEEDINGS{newsum-035,
   AUTHOR = {Parvez, Md Rizwan and Ahmad, Wasi and Chakraborty, Saikat and Ray, Baishakhi and Chang, Kai-Wei},
   SORTNAME = {Parvez, Md Rizwan and Ahmad, Wasi and Chakraborty, Saikat and Ray, Baishakhi and Chang, Kai-Wei},
   TITLE = {Retrieval Augmented Code Generation and Summarization}}
@INPROCEEDINGS{newsum-027,
   AUTHOR = {Sotudeh, Sajad and Deilamsalehy, Hanieh and Dernoncourt, Franck and Goharian, Nazli},
   SORTNAME = {Sotudeh, Sajad and Deilamsalehy, Hanieh and Dernoncourt, Franck and Goharian, Nazli},
   TITLE = {TLDR9+: A Large Scale Resource for Extreme Summarization of Social Media Posts}}
@INPROCEEDINGS{newsum-029,
   AUTHOR = {Mrini, Khalil and Liu, Can and Dreyer, Markus},
   SORTNAME = {Mrini, Khalil and Liu, Can and Dreyer, Markus},
   TITLE = {Rewards with Negative Examples for Reinforced Topic-Focused Abstractive Summarization}}
@INPROCEEDINGS{newsum-042,
   AUTHOR = {Brahman, Faeze},
   SORTNAME = {Brahman, Faeze},
   TITLE = {''Let Your Characters Tell Their Story'': A Dataset for Character-Centric Narrative Understanding}}
@INPROCEEDINGS{newsum-006,
   AUTHOR = {Fatima, Mehwish and Strube, Michael},
   SORTNAME = {Fatima, Mehwish and Strube, Michael},
   TITLE = {A Novel Wikipedia based Dataset for Monolingual and Cross-Lingual Summarization}}
@INPROCEEDINGS{newsum-017,
   AUTHOR = {Huang, Yangchen and Dhingra, Prashant K. and Mohseni Taheri, Seyed Danial},
   SORTNAME = {Huang, Yangchen and Dhingra, Prashant K. and Mohseni Taheri, Seyed Danial},
   TITLE = {Template-aware Attention Model for Earnings Call Report Generation}}
@INPROCEEDINGS{newsum-010,
   AUTHOR = {Jørgensen, Anna and Søgaard, Anders},
   SORTNAME = {Jørgensen, Anna and Søgaard, Anders},
   TITLE = {Evaluation of Summarization Systems across Gender, Age, and Race}}
@INPROCEEDINGS{newsum-026,
   AUTHOR = {Tuggener, Don and Mieskes, Margot and Deriu, Jan and Cieliebak, Mark},
   SORTNAME = {Tuggener, Don and Mieskes, Margot and Deriu, Jan and Cieliebak, Mark},
   TITLE = {Are We Summarizing the Right Way? A Survey of Dialogue Summarization Data Sets}}
@INPROCEEDINGS{newsum-008,
   AUTHOR = {Tay, Wenyi and Zhang, Xiuzhen and Wan, Stephen and Karimi, Sarvnaz},
   SORTNAME = {Tay, Wenyi and Zhang, Xiuzhen and Wan, Stephen and Karimi, Sarvnaz},
   TITLE = {Measuring Similarity of Opinion-bearing Sentences}}
@INPROCEEDINGS{newsum-021,
   AUTHOR = {Arana-Catania, Miguel and Procter, Rob and He, Yulan and Liakata, Maria},
   SORTNAME = {Arana-Catania, Miguel and Procter, Rob and He, Yulan and Liakata, Maria},
   TITLE = {Evaluation of Abstractive Summarisation Models with Machine Translation in Deliberative Processes}}
@INPROCEEDINGS{newsum-044,
   AUTHOR = {Iso, Hayate and Wang, Xiaolan and Suhara, Yoshihiko and Angelidis, Stefanos and Tan, Wang-Chiew},
   SORTNAME = {Iso, Hayate and Wang, Xiaolan and Suhara, Yoshihiko and Angelidis, Stefanos and Tan, Wang-Chiew},
   TITLE = {Convex Aggregation for Opinion Summarization}}
@INPROCEEDINGS{newsum-036,
   AUTHOR = {Magooda, Ahmed and Litman, Diane and elaraby, mohamed},
   SORTNAME = {Magooda, Ahmed and Litman, Diane and elaraby, mohamed},
   TITLE = {Exploring Multitask Learning for Low-Resource Abstractive Summarization}}
@INPROCEEDINGS{newsum-031,
   AUTHOR = {Lebanoff, Logan and Wang, Bingqing and Feng, Zhe and Liu, Fei},
   SORTNAME = {Lebanoff, Logan and Wang, Bingqing and Feng, Zhe and Liu, Fei},
   TITLE = {Modeling Endorsement for Multi-Document Abstractive Summarization}}
@INPROCEEDINGS{newsum-037,
   AUTHOR = {Magooda, Ahmed and Litman, Diane},
   SORTNAME = {Magooda, Ahmed and Litman, Diane},
   TITLE = {Mitigating Data Scarceness through Data Synthesis, Augmentation and Curriculum for Abstractive Summarization}}
@INPROCEEDINGS{newsum-041,
   AUTHOR = {Sznajder, Benjamin},
   SORTNAME = {Sznajder, Benjamin},
   TITLE = {TWEETSUMM - A Dialog Summarization Dataset for Customer Service}}
@INPROCEEDINGS{newsum-024,
   AUTHOR = {Li, Haoran and Einolghozati, Arash and Iyer, Srinivasan and Paranjape, Bhargavi and Mehdad, Yashar and Gupta, Sonal and Ghazvininejad, Marjan},
   SORTNAME = {Li, Haoran and Einolghozati, Arash and Iyer, Srinivasan and Paranjape, Bhargavi and Mehdad, Yashar and Gupta, Sonal and Ghazvininejad, Marjan},
   TITLE = {EASE: Extractive-Abstractive Summarization End-to-End using the Information Bottleneck Principle}}
@INPROCEEDINGS{newsum-023,
   AUTHOR = {Beckage, Nicole and H Kumar, Shachi and Sahay, Saurav and Manuvinakurike, Ramesh},
   SORTNAME = {Beckage, Nicole and H Kumar, Shachi and Sahay, Saurav and Manuvinakurike, Ramesh},
   TITLE = {Context or No Context? A preliminary exploration of human-in-the-loop approach for Incremental Temporal Summarization in meetings}}
@INPROCEEDINGS{newsum-004,
   AUTHOR = {Guan, Shuo},
   SORTNAME = {Guan, Shuo},
   TITLE = {Knowledge and Keywords Augmented Abstractive Sentence Summarization}}
@INPROCEEDINGS{newsum-015,
   AUTHOR = {Yadav, Nishant and Brucato, Matteo and Fariha, Anna and Youngquist, Oscar and Killingback, Julian and Meliou, Alexandra and Haas, Peter},
   SORTNAME = {Yadav, Nishant and Brucato, Matteo and Fariha, Anna and Youngquist, Oscar and Killingback, Julian and Meliou, Alexandra and Haas, Peter},
   TITLE = {SUBSUME: A Dataset for Subjective Summary Extraction from Wikipedia Documents}}
@INPROCEEDINGS{newsum-012,
   AUTHOR = {Marfurt, Andreas and Henderson, James},
   SORTNAME = {Marfurt, Andreas and Henderson, James},
   TITLE = {Sentence-level Planning for Especially Abstractive Summarization}}
@INPROCEEDINGS{newsum-002,
   AUTHOR = {Rios, Annette and Spring, Nicolas and Kew, Tannon and Kostrzewa, Marek and Säuberli, Andreas and Müller, Mathias and Ebling, Sarah},
   SORTNAME = {Rios, Annette and Spring, Nicolas and Kew, Tannon and Kostrzewa, Marek and Sauberli, Andreas and Muller, Mathias and Ebling, Sarah},
   TITLE = {A New Dataset and Efficient Baselines for Document-level Text Simplification in German}}
@INPROCEEDINGS{newsum-005,
   AUTHOR = {Lee, Dongyub and Lim, Jungwoo and Whang, Taesun and lee, chanhee and Cho, Seungwoo and Park, Mingun and Lim, Heuiseok},
   SORTNAME = {Lee, Dongyub and Lim, Jungwoo and Whang, Taesun and lee, chanhee and Cho, Seungwoo and Park, Mingun and Lim, Heuiseok},
   TITLE = {Capturing Speaker Incorrectness: Speaker-Focused Post-Correction for Abstractive Dialogue Summarization}}
