@INPROCEEDINGS{papers-100,
   AUTHOR = {Soricut, Radu and Och, Franz},
   SORTNAME = {Soricut, Radu and Och, Franz},
   TITLE = {Unsupervised Morphology Induction Using Word Embeddings}}
@INPROCEEDINGS{papers-103,
   AUTHOR = {Faruqui, Manaal and Kumar, Shankar},
   SORTNAME = {Faruqui, Manaal and Kumar, Shankar},
   TITLE = {Multilingual Open Relation Extraction Using Cross-lingual Projection}}
@INPROCEEDINGS{papers-116,
   AUTHOR = {Wang, Xun and Sudoh, Katsuhito and Nagata, Masaaki},
   SORTNAME = {Wang, Xun and Sudoh, Katsuhito and Nagata, Masaaki},
   TITLE = {Empty Category Detection With Joint Context-Label Embeddings}}
@INPROCEEDINGS{papers-122,
   AUTHOR = {Levinboim, Tomer and Chiang, David},
   SORTNAME = {Levinboim, Tomer and Chiang, David},
   TITLE = {Multi-Task Word Alignment Triangulation for Low-Resource Languages}}
@INPROCEEDINGS{papers-123,
   AUTHOR = {Rastogi, Pushpendre and Van Durme, Benjamin and Arora, Raman},
   SORTNAME = {Rastogi, Pushpendre and Van Durme, Benjamin and Arora, Raman},
   TITLE = {Multiview LSA: Representation Learning via Generalized CCA}}
@INPROCEEDINGS{papers-125,
   AUTHOR = {Kennington, Casey and Iida, Ryu and Tokunaga, Takenobu and Schlangen, David},
   SORTNAME = {Kennington, Casey and Iida, Ryu and Tokunaga, Takenobu and Schlangen, David},
   TITLE = {Incrementally Tracking Reference in Human/Human Dialogue Using Linguistic and Extra-Linguistic Information}}
@INPROCEEDINGS{papers-126,
   AUTHOR = {Martínez Alonso, Héctor and Plank, Barbara and Skjærholt, Arne and Søgaard, Anders},
   SORTNAME = {Martinez Alonso, Hector and Plank, Barbara and Skjærholt, Arne and Søgaard, Anders},
   TITLE = {Learning to parse with IAA-weighted loss}}
@INPROCEEDINGS{papers-136,
   AUTHOR = {Ambati, Bharat Ram and Deoskar, Tejaswini and Johnson, Mark and Steedman, Mark},
   SORTNAME = {Ambati, Bharat Ram and Deoskar, Tejaswini and Johnson, Mark and Steedman, Mark},
   TITLE = {An Incremental Algorithm for Transition-based CCG Parsing}}
@INPROCEEDINGS{papers-142,
   AUTHOR = {Rama, Taraka},
   SORTNAME = {Rama, Taraka},
   TITLE = {Automatic cognate identification with gap-weighted string subsequences.}}
@INPROCEEDINGS{papers-145,
   AUTHOR = {Rahimi, Afshin and Vu, Duy and Cohn, Trevor and Baldwin, Timothy},
   SORTNAME = {Rahimi, Afshin and Vu, Duy and Cohn, Trevor and Baldwin, Timothy},
   TITLE = {Exploiting Text and Network Context for Geolocation of Social Media Users}}
@INPROCEEDINGS{papers-148,
   AUTHOR = {Yang, Shansong and Lu, Weiming and Yang, Dezhi and Yao, Liang and Wei, Baogang},
   SORTNAME = {Yang, Shansong and Lu, Weiming and Yang, Dezhi and Yao, Liang and Wei, Baogang},
   TITLE = {Short Text Understanding by Leveraging Knowledge into Topic Model}}
@INPROCEEDINGS{papers-150,
   AUTHOR = {Camacho-Collados, José and Pilehvar, Mohammad Taher and Navigli, Roberto},
   SORTNAME = {Camacho-Collados, Jose and Pilehvar, Mohammad Taher and Navigli, Roberto},
   TITLE = {NASARI: a Novel Approach to a Semantically-Aware Representation of Items}}
@INPROCEEDINGS{papers-156,
   AUTHOR = {Yin, Wenpeng and Schütze, Hinrich},
   SORTNAME = {Yin, Wenpeng and Schutze, Hinrich},
   TITLE = {Convolutional Neural Network for Paraphrase Identification}}
@INPROCEEDINGS{papers-158,
   AUTHOR = {Yin, Wenpeng and Schütze, Hinrich},
   SORTNAME = {Yin, Wenpeng and Schutze, Hinrich},
   TITLE = {Discriminative Phrase Embedding for Paraphrase Identification}}
@INPROCEEDINGS{papers-167,
   AUTHOR = {Apostolova, Emilia and Pourashraf, Payam and Sack, Jeffrey},
   SORTNAME = {Apostolova, Emilia and Pourashraf, Payam and Sack, Jeffrey},
   TITLE = {Digital Leafleting: Extracting Structured Data from Multimedia Online Flyers}}
@INPROCEEDINGS{papers-169,
   AUTHOR = {Felice, Mariano and Briscoe, Ted},
   SORTNAME = {Felice, Mariano and Briscoe, Ted},
   TITLE = {Towards a standard evaluation method for grammatical error detection and correction}}
@INPROCEEDINGS{papers-172,
   AUTHOR = {Neubig, Graham and Arthur, Philip and Duh, Kevin},
   SORTNAME = {Neubig, Graham and Arthur, Philip and Duh, Kevin},
   TITLE = {Multi-Target Machine Translation with Multi-Synchronous Context-free Grammars}}
@INPROCEEDINGS{papers-176,
   AUTHOR = {Liu, Xiaodong and Gao, Jianfeng and He, Xiaodong and Deng, Li and Duh, Kevin and Wang, Ye-Yi},
   SORTNAME = {Liu, Xiaodong and Gao, Jianfeng and He, Xiaodong and Deng, Li and Duh, Kevin and Wang, Ye-Yi},
   TITLE = {Representation Learning Using Multi-Task Deep Neural Networks for Semantic Classification and Information Retrieval}}
@INPROCEEDINGS{papers-178,
   AUTHOR = {White, Jerome and Oard, Douglas and Jansen, Aren and Paik, Jiaul and Sankepally, Rashmi},
   SORTNAME = {White, Jerome and Oard, Douglas and Jansen, Aren and Paik, Jiaul and Sankepally, Rashmi},
   TITLE = {Using Zero-Resource Spoken Term Discovery for Ranked Retrieval}}
@INPROCEEDINGS{papers-182,
   AUTHOR = {Malmaud, Jonathan and Huang, Jonathan and Rathod, Vivek and Johnston, Nicholas and Rabinovich, Andrew and Murphy, Kevin},
   SORTNAME = {Malmaud, Jonathan and Huang, Jonathan and Rathod, Vivek and Johnston, Nicholas and Rabinovich, Andrew and Murphy, Kevin},
   TITLE = {What's Cookin'? Interpreting Cooking Videos using Text, Speech and Vision}}
@INPROCEEDINGS{papers-196,
   AUTHOR = {Johnson, Mark and Pater, Joe and Staubs, Robert and Dupoux, Emmanuel},
   SORTNAME = {Johnson, Mark and Pater, Joe and Staubs, Robert and Dupoux, Emmanuel},
   TITLE = {Sign constraints on feature weights improve a joint model of word segmentation and phonology}}
@INPROCEEDINGS{papers-197,
   AUTHOR = {Bhingardive, Sudha and Singh, Dhirendra and V, Rudramurthy and Redkar, Hanumant and Bhattacharyya, Pushpak},
   SORTNAME = {Bhingardive, Sudha and Singh, Dhirendra and V, Rudramurthy and Redkar, Hanumant and Bhattacharyya, Pushpak},
   TITLE = {Unsupervised Most Frequent Sense Detection using Word Embeddings}}
@INPROCEEDINGS{papers-205,
   AUTHOR = {Tsvetkov, Yulia and Ammar, Waleed and Dyer, Chris},
   SORTNAME = {Tsvetkov, Yulia and Ammar, Waleed and Dyer, Chris},
   TITLE = {Constraint-Based Models of Lexical Borrowing}}
@INPROCEEDINGS{papers-206,
   AUTHOR = {Yu, Mo and Gormley, Matthew R. and Dredze, Mark},
   SORTNAME = {Yu, Mo and Gormley, Matthew R. and Dredze, Mark},
   TITLE = {Combining Word Embeddings and Feature Embeddings for Fine-grained Relation Extraction}}
@INPROCEEDINGS{papers-207,
   AUTHOR = {Kirchhoff, Katrin and Tam, Yik-Cheung and Richey, Colleen and Wang, Wen},
   SORTNAME = {Kirchhoff, Katrin and Tam, Yik-Cheung and Richey, Colleen and Wang, Wen},
   TITLE = {Morphological Modeling for Machine Translation of English-Iraqi Arabic Spoken Dialogs}}
@INPROCEEDINGS{papers-217,
   AUTHOR = {Ebrahimi, Javid and Dou, Dejing},
   SORTNAME = {Ebrahimi, Javid and Dou, Dejing},
   TITLE = {Chain Based RNN for Relation Classification}}
@INPROCEEDINGS{papers-218,
   AUTHOR = {Taghipour, Kaveh and Ng, Hwee Tou},
   SORTNAME = {Taghipour, Kaveh and Ng, Hwee Tou},
   TITLE = {Semi-Supervised Word Sense Disambiguation Using Word Embeddings in General and Specific Domains}}
@INPROCEEDINGS{papers-222,
   AUTHOR = {Levinboim, Tomer and Vaswani, Ashish and Chiang, David},
   SORTNAME = {Levinboim, Tomer and Vaswani, Ashish and Chiang, David},
   TITLE = {Model Invertibility Regularization: Sequence Alignment With or Without Parallel Data}}
@INPROCEEDINGS{papers-223,
   AUTHOR = {Baeza-Yates, Ricardo and Rello, Luz and Dembowski, Julia},
   SORTNAME = {Baeza-Yates, Ricardo and Rello, Luz and Dembowski, Julia},
   TITLE = {CASSA: A Context-Aware Synonym Simplification Algorithm}}
@INPROCEEDINGS{papers-224,
   AUTHOR = {Kallmeyer, Laura and Maier, Wolfgang},
   SORTNAME = {Kallmeyer, Laura and Maier, Wolfgang},
   TITLE = {LR Parsing for LCFRS}}
@INPROCEEDINGS{papers-226,
   AUTHOR = {Murawaki, Yugo},
   SORTNAME = {Murawaki, Yugo},
   TITLE = {Continuous Space Representations of Linguistic Typology and their Application to Phylogenetic Inference}}
@INPROCEEDINGS{papers-227,
   AUTHOR = {Andreas, Jacob and Klein, Dan},
   SORTNAME = {Andreas, Jacob and Klein, Dan},
   TITLE = {When and why are log-linear models self-normalizing?}}
@INPROCEEDINGS{papers-228,
   AUTHOR = {Gouws, Stephan and Søgaard, Anders},
   SORTNAME = {Gouws, Stephan and Søgaard, Anders},
   TITLE = {Simple task-specific bilingual word embeddings}}
@INPROCEEDINGS{papers-229,
   AUTHOR = {Chen, Yun-Nung and Wang, William Yang and Rudnicky, Alexander},
   SORTNAME = {Chen, Yun-Nung and Wang, William Yang and Rudnicky, Alexander},
   TITLE = {Jointly Modeling Inter-Slot Relations by Random Walk on Knowledge Graphs for Unsupervised Spoken Language Understanding}}
@INPROCEEDINGS{papers-232,
   AUTHOR = {Pasca, Marius},
   SORTNAME = {Pasca, Marius},
   TITLE = {Interpreting Compound Noun Phrases Using Web Search Queries}}
@INPROCEEDINGS{papers-237,
   AUTHOR = {Hovy, Dirk and Plank, Barbara and Martínez Alonso, Héctor and Søgaard, Anders},
   SORTNAME = {Hovy, Dirk and Plank, Barbara and Martinez Alonso, Hector and Søgaard, Anders},
   TITLE = {Mining for unambiguous instances to adapt part-of-speech taggers to new domains}}
@INPROCEEDINGS{papers-238,
   AUTHOR = {Gilberto Mateos Ortiz, Luis and Wolff, Clemens and Lapata, Mirella},
   SORTNAME = {Gilberto Mateos Ortiz, Luis and Wolff, Clemens and Lapata, Mirella},
   TITLE = {Learning to Interpret and Describe Abstract Scenes}}
@INPROCEEDINGS{papers-243,
   AUTHOR = {Fujita, Atsushi and Isabelle, Pierre},
   SORTNAME = {Fujita, Atsushi and Isabelle, Pierre},
   TITLE = {Expanding Paraphrase Lexicons by Exploiting Lexical Variants}}
@INPROCEEDINGS{papers-254,
   AUTHOR = {Gorinski, Philip John and Lapata, Mirella},
   SORTNAME = {Gorinski, Philip John and Lapata, Mirella},
   TITLE = {Movie Script Summarization as Graph-based Scene Extraction}}
@INPROCEEDINGS{papers-255,
   AUTHOR = {{de Gispert}, Adrià and Iglesias, Gonzalo and Byrne, Bill},
   SORTNAME = {{de Gispert}, Adria and Iglesias, Gonzalo and Byrne, Bill},
   TITLE = {Fast and Accurate Preordering for SMT using Neural Networks}}
@INPROCEEDINGS{papers-261,
   AUTHOR = {Frermann, Lea and Lapata, Mirella},
   SORTNAME = {Frermann, Lea and Lapata, Mirella},
   TITLE = {A Bayesian Model for Joint Learning of Categories and their Features}}
@INPROCEEDINGS{papers-262,
   AUTHOR = {Blain, Frédéric and Bougares, Fethi and Hazem, Amir and Barrault, Loïc and Schwenk, Holger},
   SORTNAME = {Blain, Frederic and Bougares, Fethi and Hazem, Amir and Barrault, Loic and Schwenk, Holger},
   TITLE = {Continuous Adaptation to User Feedback for Statistical Machine Translation}}
@INPROCEEDINGS{papers-263,
   AUTHOR = {Maas, Andrew and Xie, Ziang and Jurafsky, Dan and Ng, Andrew},
   SORTNAME = {Maas, Andrew and Xie, Ziang and Jurafsky, Dan and Ng, Andrew},
   TITLE = {Lexicon-Free Conversational Speech Recognition with Neural Networks}}
@INPROCEEDINGS{papers-267,
   AUTHOR = {Guerini, Marco and Özbal, Gözde and Strapparava, Carlo},
   SORTNAME = {Guerini, Marco and Ozbal, Gozde and Strapparava, Carlo},
   TITLE = {Echoes of Persuasion: The Effect of Euphony in Persuasive Communication}}
@INPROCEEDINGS{papers-272,
   AUTHOR = {Shrimpton, Luke and Lavrenko, Victor and Osborne, Miles},
   SORTNAME = {Shrimpton, Luke and Lavrenko, Victor and Osborne, Miles},
   TITLE = {Sampling Techniques for Streaming Cross Document Coreference Resolution}}
@INPROCEEDINGS{papers-274,
   AUTHOR = {Intxaurrondo, Ander and Agirre, Eneko and Lopez de Lacalle, Oier and Surdeanu, Mihai},
   SORTNAME = {Intxaurrondo, Ander and Agirre, Eneko and Lopez de Lacalle, Oier and Surdeanu, Mihai},
   TITLE = {Diamonds in the Rough: Event Extraction from Imperfect Microblog Data}}
@INPROCEEDINGS{papers-275,
   AUTHOR = {Xing, Chao and Wang, Dong and Liu, Chao and Lin, Yiye},
   SORTNAME = {Xing, Chao and Wang, Dong and Liu, Chao and Lin, Yiye},
   TITLE = {Normalized Word Embedding and Orthogonal Transform for Bilingual Word Translation}}
@INPROCEEDINGS{papers-278,
   AUTHOR = {Colmenares, Carlos A. and Litvak, Marina and Mantrach, Amin and Silvestri, Fabrizio},
   SORTNAME = {Colmenares, Carlos A. and Litvak, Marina and Mantrach, Amin and Silvestri, Fabrizio},
   TITLE = {HEADS: Headline Generation as Sequence Prediction Using an Abstract Feature-Rich Space}}
@INPROCEEDINGS{papers-281,
   AUTHOR = {Kruszewski, Germán and Baroni, Marco},
   SORTNAME = {Kruszewski, German and Baroni, Marco},
   TITLE = {So similar and yet incompatible: Toward the automated identification of semantically compatible words}}
@INPROCEEDINGS{papers-282,
   AUTHOR = {Zhang, Yang and Xia, Yunqing and Liu, Yi and Wang, Wenmin},
   SORTNAME = {Zhang, Yang and Xia, Yunqing and Liu, Yi and Wang, Wenmin},
   TITLE = {Clustering Sentences with Density Peaks for Multi-document Summarization}}
@INPROCEEDINGS{papers-288,
   AUTHOR = {Felt, Paul and Black, Kevin and Ringger, Eric and Seppi, Kevin and Haertel, Robbie},
   SORTNAME = {Felt, Paul and Black, Kevin and Ringger, Eric and Seppi, Kevin and Haertel, Robbie},
   TITLE = {Early Gains Matter: A Case for Preferring Generative over Discriminative Crowdsourcing Models}}
@INPROCEEDINGS{papers-293,
   AUTHOR = {Graham, Yvette and Baldwin, Timothy and Mathur, Nitika},
   SORTNAME = {Graham, Yvette and Baldwin, Timothy and Mathur, Nitika},
   TITLE = {Accurate Evaluation of Segment-level Machine Translation Metrics}}
@INPROCEEDINGS{papers-296,
   AUTHOR = {Wang, William Yang and Wen, Miaomiao},
   SORTNAME = {Wang, William Yang and Wen, Miaomiao},
   TITLE = {I Can Has Cheezburger? A Nonparanormal Approach to Combining Textual and Visual Information for Predicting and Generating Popular Meme Descriptions}}
@INPROCEEDINGS{papers-298,
   AUTHOR = {Le, Phong and Zuidema, Willem},
   SORTNAME = {Le, Phong and Zuidema, Willem},
   TITLE = {Unsupervised Dependency Parsing: Let's Use Supervised Parsers}}
@INPROCEEDINGS{papers-030,
   AUTHOR = {Haas, Carolin and Riezler, Stefan},
   SORTNAME = {Haas, Carolin and Riezler, Stefan},
   TITLE = {Response-based Learning for Machine Translation of Open-domain Database Queries}}
@INPROCEEDINGS{papers-305,
   AUTHOR = {Severyn, Aliaksei and Moschitti, Alessandro},
   SORTNAME = {Severyn, Aliaksei and Moschitti, Alessandro},
   TITLE = {On the Automatic Learning of Sentiment Lexicons}}
@INPROCEEDINGS{papers-306,
   AUTHOR = {Wang, Chuan and Xue, Nianwen and Pradhan, Sameer},
   SORTNAME = {Wang, Chuan and Xue, Nianwen and Pradhan, Sameer},
   TITLE = {A Transition-based Algorithm for AMR Parsing}}
@INPROCEEDINGS{papers-311,
   AUTHOR = {Piao, Scott and Bianchi, Francesca and Dayrell, Carmen and D'Egidio, Angela and Rayson, Paul},
   SORTNAME = {Piao, Scott and Bianchi, Francesca and Dayrell, Carmen and D'Egidio, Angela and Rayson, Paul},
   TITLE = {Development of the Multilingual Semantic Annotation System}}
@INPROCEEDINGS{papers-315,
   AUTHOR = {Pitler, Emily and McDonald, Ryan},
   SORTNAME = {Pitler, Emily and McDonald, Ryan},
   TITLE = {A Linear-Time Transition System for Crossing Interval Trees}}
@INPROCEEDINGS{papers-317,
   AUTHOR = {Krause, Sebastian and Alfonseca, Enrique and Filippova, Katja and Pighin, Daniele},
   SORTNAME = {Krause, Sebastian and Alfonseca, Enrique and Filippova, Katja and Pighin, Daniele},
   TITLE = {Idest: Learning a Distributed Representation for Event Patterns}}
@INPROCEEDINGS{papers-032,
   AUTHOR = {Deri, Aliya and Knight, Kevin},
   SORTNAME = {Deri, Aliya and Knight, Kevin},
   TITLE = {How to Make a Frenemy: Multitape FSTs for Portmanteau Generation}}
@INPROCEEDINGS{papers-322,
   AUTHOR = {Waite, Aurelien and Byrne, Bill},
   SORTNAME = {Waite, Aurelien and Byrne, Bill},
   TITLE = {The Geometry of Statistical Machine Translation}}
@INPROCEEDINGS{papers-336,
   AUTHOR = {Yang, Yi and Eisenstein, Jacob},
   SORTNAME = {Yang, Yi and Eisenstein, Jacob},
   TITLE = {Unsupervised Multi-Domain Adaptation with Feature Embeddings}}
@INPROCEEDINGS{papers-338,
   AUTHOR = {Malmasi, Shervin and Dras, Mark},
   SORTNAME = {Malmasi, Shervin and Dras, Mark},
   TITLE = {Large-Scale Native Language Identification with Cross-Corpus Evaluation}}
@INPROCEEDINGS{papers-034,
   AUTHOR = {Hoenen, Armin},
   SORTNAME = {Hoenen, Armin},
   TITLE = {Lachmannian Archetype Reconstruction for Ancient Manuscript Corpora}}
@INPROCEEDINGS{papers-350,
   AUTHOR = {Sakaguchi, Keisuke and Heilman, Michael and Madnani, Nitin},
   SORTNAME = {Sakaguchi, Keisuke and Heilman, Michael and Madnani, Nitin},
   TITLE = {Effective Feature Integration for Automated Short Answer Scoring}}
@INPROCEEDINGS{papers-351,
   AUTHOR = {Baumer, Eric and Elovic, Elisha and Qin, Ying and Polletta, Francesca and Gay, Geri},
   SORTNAME = {Baumer, Eric and Elovic, Elisha and Qin, Ying and Polletta, Francesca and Gay, Geri},
   TITLE = {Testing and Comparing Computational Approaches for Identifying the Language of Framing in Political News}}
@INPROCEEDINGS{papers-353,
   AUTHOR = {Sapkota, Upendra and Bethard, Steven and Montes, Manuel and Solorio, Thamar},
   SORTNAME = {Sapkota, Upendra and Bethard, Steven and Montes, Manuel and Solorio, Thamar},
   TITLE = {Not All Character N-grams Are Created Equal: A Study in Authorship Attribution}}
@INPROCEEDINGS{papers-356,
   AUTHOR = {Lazaridou, Angeliki and Pham, Nghia The and Baroni, Marco},
   SORTNAME = {Lazaridou, Angeliki and Pham, Nghia The and Baroni, Marco},
   TITLE = {Combining Language and Vision with a Multimodal Skip-gram Model}}
@INPROCEEDINGS{papers-036,
   AUTHOR = {Zhang, Muyu and Feng, Vanessa Wei and Qin, Bing and Hirst, Graeme and Liu, Ting and Huang, Jingwen},
   SORTNAME = {Zhang, Muyu and Feng, Vanessa Wei and Qin, Bing and Hirst, Graeme and Liu, Ting and Huang, Jingwen},
   TITLE = {Encoding World Knowledge in the Evaluation of Local Coherence}}
@INPROCEEDINGS{papers-367,
   AUTHOR = {Ballesteros, Miguel and Bohnet, Bernd and Mille, Simon and Wanner, Leo},
   SORTNAME = {Ballesteros, Miguel and Bohnet, Bernd and Mille, Simon and Wanner, Leo},
   TITLE = {Data-driven sentence generation with non-isomorphic trees}}
@INPROCEEDINGS{papers-369,
   AUTHOR = {Abend, Omri and Cohen, Shay B. and Steedman, Mark},
   SORTNAME = {Abend, Omri and Cohen, Shay B. and Steedman, Mark},
   TITLE = {Lexical Event Ordering with an Edge-Factored Model}}
@INPROCEEDINGS{papers-375,
   AUTHOR = {Alhothali, Areej and Hoey, Jesse},
   SORTNAME = {Alhothali, Areej and Hoey, Jesse},
   TITLE = {Good News or Bad News: Using Affect Control Theory to Analyze Readers' Reaction Towards News Articles}}
@INPROCEEDINGS{papers-379,
   AUTHOR = {Jauhar, Sujay Kumar and Dyer, Chris and Hovy, Eduard},
   SORTNAME = {Jauhar, Sujay Kumar and Dyer, Chris and Hovy, Eduard},
   TITLE = {Ontologically Grounded Multi-sense Representation Learning for Semantic Vector Space Models}}
@INPROCEEDINGS{papers-384,
   AUTHOR = {Song, Yangqiu and Roth, Dan},
   SORTNAME = {Song, Yangqiu and Roth, Dan},
   TITLE = {Unsupervised Sparse Vector Densification for Short Text Similarity}}
@INPROCEEDINGS{papers-385,
   AUTHOR = {Zayats, Victoria and Ostendorf, Mari and Hajishirzi, Hannaneh},
   SORTNAME = {Zayats, Victoria and Ostendorf, Mari and Hajishirzi, Hannaneh},
   TITLE = {Unediting: Detecting Disfluencies Without Careful Transcripts}}
@INPROCEEDINGS{papers-039,
   AUTHOR = {Chuang, Jason and Roberts, Margaret E. and Stewart, Brandon M. and Weiss, Rebecca and Tingley, Dustin and Grimmer, Justin and Heer, Jeffrey},
   SORTNAME = {Chuang, Jason and Roberts, Margaret E. and Stewart, Brandon M. and Weiss, Rebecca and Tingley, Dustin and Grimmer, Justin and Heer, Jeffrey},
   TITLE = {TopicCheck: Interactive Alignment for Assessing Topic Model Stability}}
@INPROCEEDINGS{papers-401,
   AUTHOR = {Schneider, Nathan and Smith, Noah A.},
   SORTNAME = {Schneider, Nathan and Smith, Noah A.},
   TITLE = {A Corpus and Model Integrating Multiword Expressions and Supersenses}}
@INPROCEEDINGS{papers-404,
   AUTHOR = {Cuong, Hoang and Sima'an, Khalil},
   SORTNAME = {Cuong, Hoang and Sima'an, Khalil},
   TITLE = {Latent Domain Word Alignment for Heterogeneous Corpora}}
@INPROCEEDINGS{papers-407,
   AUTHOR = {Haffari, Gholamreza and Nagesh, Ajay and Ramakrishnan, Ganesh},
   SORTNAME = {Haffari, Gholamreza and Nagesh, Ajay and Ramakrishnan, Ganesh},
   TITLE = {Optimizing Multivariate Performance Measures for Learning Relation Extraction Models}}
@INPROCEEDINGS{papers-411,
   AUTHOR = {Fyshe, Alona and Wehbe, Leila and Talukdar, Partha P. and Murphy, Brian and Mitchell, Tom M.},
   SORTNAME = {Fyshe, Alona and Wehbe, Leila and Talukdar, Partha P. and Murphy, Brian and Mitchell, Tom M.},
   TITLE = {A Compositional and Interpretable Semantic Space}}
@INPROCEEDINGS{papers-418,
   AUTHOR = {Dreyer, Markus and Dong, Yuanzhe},
   SORTNAME = {Dreyer, Markus and Dong, Yuanzhe},
   TITLE = {APRO: All-Pairs Ranking Optimization for MT Tuning}}
@INPROCEEDINGS{papers-420,
   AUTHOR = {Naim, Iftekhar and Song, Young C. and Liu, Qiguang and Huang, Liang and Kautz, Henry and Luo, Jiebo and Gildea, Daniel},
   SORTNAME = {Naim, Iftekhar and Song, Young C. and Liu, Qiguang and Huang, Liang and Kautz, Henry and Luo, Jiebo and Gildea, Daniel},
   TITLE = {Discriminative Unsupervised Alignment of Natural Language Instructions with Corresponding Video Segments}}
@INPROCEEDINGS{papers-421,
   AUTHOR = {Haas, Michael and Versley, Yannick},
   SORTNAME = {Haas, Michael and Versley, Yannick},
   TITLE = {Subsentential Sentiment on a Shoestring: A Crosslingual Analysis of Compositional Classification}}
@INPROCEEDINGS{papers-426,
   AUTHOR = {Schrading, Nicolas and Ovesdotter Alm, Cecilia and Ptucha, Raymond and Homan, Christopher},
   SORTNAME = {Schrading, Nicolas and Ovesdotter Alm, Cecilia and Ptucha, Raymond and Homan, Christopher},
   TITLE = {\#WhyIStayed, \#WhyILeft: Microblogging to Make Sense of Domestic Abuse}}
@INPROCEEDINGS{papers-427,
   AUTHOR = {Zhao, Kai and Huang, Liang},
   SORTNAME = {Zhao, Kai and Huang, Liang},
   TITLE = {Type-Driven Incremental Semantic Parsing with Polymorphism}}
@INPROCEEDINGS{papers-428,
   AUTHOR = {Schwartz, H. Andrew and Park, Gregory and Sap, Maarten and Weingarten, Evan and Eichstaedt, Johannes and Kern, Margaret and Stillwell, David and Kosinski, Michal and Berger, Jonah and Seligman, Martin and Ungar, Lyle},
   SORTNAME = {Schwartz, H. Andrew and Park, Gregory and Sap, Maarten and Weingarten, Evan and Eichstaedt, Johannes and Kern, Margaret and Stillwell, David and Kosinski, Michal and Berger, Jonah and Seligman, Martin and Ungar, Lyle},
   TITLE = {Extracting Human Temporal Orientation from Facebook Language}}
@INPROCEEDINGS{papers-438,
   AUTHOR = {Gao, Mingkun and Xu, Wei and Callison-Burch, Chris},
   SORTNAME = {Gao, Mingkun and Xu, Wei and Callison-Burch, Chris},
   TITLE = {Cost Optimization in Crowdsourcing Translation: Low cost translations made even cheaper}}
@INPROCEEDINGS{papers-044,
   AUTHOR = {Wuebker, Joern and Muehr, Sebastian and Lehnen, Patrick and Peitz, Stephan and Ney, Hermann},
   SORTNAME = {Wuebker, Joern and Muehr, Sebastian and Lehnen, Patrick and Peitz, Stephan and Ney, Hermann},
   TITLE = {A Comparison of Update Strategies for Large-Scale Maximum Expected BLEU Training}}
@INPROCEEDINGS{papers-444,
   AUTHOR = {Cotterell, Ryan and Schütze, Hinrich},
   SORTNAME = {Cotterell, Ryan and Schutze, Hinrich},
   TITLE = {Morphological Word-Embeddings}}
@INPROCEEDINGS{papers-446,
   AUTHOR = {Sharp, Rebecca and Jansen, Peter and Surdeanu, Mihai and Clark, Peter},
   SORTNAME = {Sharp, Rebecca and Jansen, Peter and Surdeanu, Mihai and Clark, Peter},
   TITLE = {Spinning Straw into Gold: Using Free Text to Train Monolingual Alignment Models for Non-factoid Question Answering}}
@INPROCEEDINGS{papers-448,
   AUTHOR = {Baldwin, Tyler and Li, Yunyao},
   SORTNAME = {Baldwin, Tyler and Li, Yunyao},
   TITLE = {An In-depth Analysis of the Effect of Text Normalization in Social Media}}
@INPROCEEDINGS{papers-450,
   AUTHOR = {Krishnan, Vinodh and Eisenstein, Jacob},
   SORTNAME = {Krishnan, Vinodh and Eisenstein, Jacob},
   TITLE = {``You're Mr. Lebowski, I'm the Dude'': Inducing Address Term Formality in Signed Social Networks}}
@INPROCEEDINGS{papers-451,
   AUTHOR = {Taub-Tabib, Hillel and Goldberg, Yoav and Globerson, Amir},
   SORTNAME = {Taub-Tabib, Hillel and Goldberg, Yoav and Globerson, Amir},
   TITLE = {Template Kernels for Dependency Parsing}}
@INPROCEEDINGS{papers-452,
   AUTHOR = {Cotterell, Ryan and Eisner, Jason},
   SORTNAME = {Cotterell, Ryan and Eisner, Jason},
   TITLE = {Penalized Expectation Propagation for Graphical Models over Strings}}
@INPROCEEDINGS{papers-453,
   AUTHOR = {Ludusan, Bogdan and Synnaeve, Gabriel and Dupoux, Emmanuel},
   SORTNAME = {Ludusan, Bogdan and Synnaeve, Gabriel and Dupoux, Emmanuel},
   TITLE = {Prosodic boundary information helps unsupervised word segmentation}}
@INPROCEEDINGS{papers-454,
   AUTHOR = {van Schijndel, Marten and Schuler, William},
   SORTNAME = {van Schijndel, Marten and Schuler, William},
   TITLE = {Hierarchic syntax improves reading time prediction}}
@INPROCEEDINGS{papers-455,
   AUTHOR = {Titov, Ivan and Khoddam, Ehsan},
   SORTNAME = {Titov, Ivan and Khoddam, Ehsan},
   TITLE = {Unsupervised Induction of Semantic Roles within a Reconstruction-Error Minimization Framework}}
@INPROCEEDINGS{papers-458,
   AUTHOR = {Aditya, Somak and Baral, Chitta and Ha Vo, Nguyen and Lee, Joohyung and Ye, Jieping and Naung, Zaw and Lumpkin, Barry and Hastings, Jenny and Scherl, Richard and Sweet, Dawn M. and Inclezan, Daniela},
   SORTNAME = {Aditya, Somak and Baral, Chitta and Ha Vo, Nguyen and Lee, Joohyung and Ye, Jieping and Naung, Zaw and Lumpkin, Barry and Hastings, Jenny and Scherl, Richard and Sweet, Dawn M. and Inclezan, Daniela},
   TITLE = {Recognizing Social Constructs from Textual Conversation}}
@INPROCEEDINGS{papers-459,
   AUTHOR = {Johansson, Richard and Nieto Piña, Luis},
   SORTNAME = {Johansson, Richard and Nieto Pina, Luis},
   TITLE = {Embedding a Semantic Network in a Word Space}}
@INPROCEEDINGS{papers-460,
   AUTHOR = {C. de Souza, José G. and Zamani, Hamed and Negri, Matteo and Turchi, Marco and Daniele, Falavigna},
   SORTNAME = {C. de Souza, Jose G. and Zamani, Hamed and Negri, Matteo and Turchi, Marco and Daniele, Falavigna},
   TITLE = {Multitask Learning for Adaptive Quality Estimation of Automatically Transcribed Utterances}}
@INPROCEEDINGS{papers-468,
   AUTHOR = {Ling, Wang and Dyer, Chris and Black, Alan W and Trancoso, Isabel},
   SORTNAME = {Ling, Wang and Dyer, Chris and Black, Alan W and Trancoso, Isabel},
   TITLE = {Two/Too Simple Adaptations of Word2Vec for Syntax Problems}}
@INPROCEEDINGS{papers-047,
   AUTHOR = {Pan, Xiaoman and Cassidy, Taylor and Hermjakob, Ulf and Ji, Heng and Knight, Kevin},
   SORTNAME = {Pan, Xiaoman and Cassidy, Taylor and Hermjakob, Ulf and Ji, Heng and Knight, Kevin},
   TITLE = {Unsupervised Entity Linking with Abstract Meaning Representation}}
@INPROCEEDINGS{papers-476,
   AUTHOR = {Rocktäschel, Tim and Singh, Sameer and Riedel, Sebastian},
   SORTNAME = {Rocktaschel, Tim and Singh, Sameer and Riedel, Sebastian},
   TITLE = {Injecting Logical Background Knowledge into Embeddings for Relation Extraction}}
@INPROCEEDINGS{papers-477,
   AUTHOR = {Hwang, William and Hajishirzi, Hannaneh and Ostendorf, Mari and Wu, Wei},
   SORTNAME = {Hwang, William and Hajishirzi, Hannaneh and Ostendorf, Mari and Wu, Wei},
   TITLE = {Aligning Sentences from Standard Wikipedia to Simple Wikipedia}}
@INPROCEEDINGS{papers-488,
   AUTHOR = {Goikoetxea, Josu and Soroa, Aitor and Agirre, Eneko},
   SORTNAME = {Goikoetxea, Josu and Soroa, Aitor and Agirre, Eneko},
   TITLE = {Random Walks and Neural Network Language Models on Knowledge Bases}}
@INPROCEEDINGS{papers-490,
   AUTHOR = {Li, Xiaolong and Boyer, Kristy},
   SORTNAME = {Li, Xiaolong and Boyer, Kristy},
   TITLE = {Semantic Grounding in Dialogue for Complex Problem Solving}}
@INPROCEEDINGS{papers-492,
   AUTHOR = {Takamura, Hiroya and Tsujii, Jun'ichi},
   SORTNAME = {Takamura, Hiroya and Tsujii, Jun'ichi},
   TITLE = {Estimating Numerical Attributes by Bringing Together Fragmentary Clues}}
@INPROCEEDINGS{papers-496,
   AUTHOR = {Zhao, Kai and Hassan, Hany and Auli, Michael},
   SORTNAME = {Zhao, Kai and Hassan, Hany and Auli, Michael},
   TITLE = {Learning Translation Models from Monolingual Continuous Representations}}
@INPROCEEDINGS{papers-497,
   AUTHOR = {Misra, Amita and Anand, Pranav and Fox Tree, Jean E. and Walker, Marilyn},
   SORTNAME = {Misra, Amita and Anand, Pranav and Fox Tree, Jean E. and Walker, Marilyn},
   TITLE = {Using Summarization to Discover Argument Facets in Online Idealogical Dialog}}
@INPROCEEDINGS{papers-050,
   AUTHOR = {Levy, Omer and Remus, Steffen and Biemann, Chris and Dagan, Ido},
   SORTNAME = {Levy, Omer and Remus, Steffen and Biemann, Chris and Dagan, Ido},
   TITLE = {Do Supervised Distributional Methods Really Learn Lexical Inference Relations?}}
@INPROCEEDINGS{papers-501,
   AUTHOR = {Nye, Benjamin and Nenkova, Ani},
   SORTNAME = {Nye, Benjamin and Nenkova, Ani},
   TITLE = {Identification and Characterization of Newsworthy Verbs in World News}}
@INPROCEEDINGS{papers-506,
   AUTHOR = {Ghazvininejad, Marjan and Knight, Kevin},
   SORTNAME = {Ghazvininejad, Marjan and Knight, Kevin},
   TITLE = {How to Memorize a Random 60-Bit String}}
@INPROCEEDINGS{papers-508,
   AUTHOR = {Mi, Haitao and Huang, Liang},
   SORTNAME = {Mi, Haitao and Huang, Liang},
   TITLE = {Shift-Reduce Constituency Parsing with Dynamic Programming and POS Tag Lattice}}
@INPROCEEDINGS{papers-513,
   AUTHOR = {Garrette, Dan and Alpert-Abrams, Hannah and Berg-Kirkpatrick, Taylor and Klein, Dan},
   SORTNAME = {Garrette, Dan and Alpert-Abrams, Hannah and Berg-Kirkpatrick, Taylor and Klein, Dan},
   TITLE = {Unsupervised Code-Switching for Multilingual Historical Document Transcription}}
@INPROCEEDINGS{papers-521,
   AUTHOR = {Xie, Pengtao and Yang, Diyi and Xing, Eric},
   SORTNAME = {Xie, Pengtao and Yang, Diyi and Xing, Eric},
   TITLE = {Incorporating Word Correlation Knowledge into Topic Modeling}}
@INPROCEEDINGS{papers-524,
   AUTHOR = {Mohammady Ardehaly, Ehsan and Culotta, Aron},
   SORTNAME = {Mohammady Ardehaly, Ehsan and Culotta, Aron},
   TITLE = {Inferring latent attributes of Twitter users with label regularization}}
@INPROCEEDINGS{papers-525,
   AUTHOR = {Sharma, Manali and Zhuang, Di and Bilgic, Mustafa},
   SORTNAME = {Sharma, Manali and Zhuang, Di and Bilgic, Mustafa},
   TITLE = {Active Learning with Rationales for Text Classification}}
@INPROCEEDINGS{papers-529,
   AUTHOR = {Cherry, Colin and Guo, Hongyu},
   SORTNAME = {Cherry, Colin and Guo, Hongyu},
   TITLE = {The Unreasonable Effectiveness of Word Representations for Twitter Named Entity Recognition}}
@INPROCEEDINGS{papers-531,
   AUTHOR = {Blanco, Eduardo and Vempala, Alakananda},
   SORTNAME = {Blanco, Eduardo and Vempala, Alakananda},
   TITLE = {Inferring Temporally-Anchored Spatial Knowledge from Semantic Roles}}
@INPROCEEDINGS{papers-532,
   AUTHOR = {Dabre, Raj and Cromieres, Fabien and Kurohashi, Sadao and Bhattacharyya, Pushpak},
   SORTNAME = {Dabre, Raj and Cromieres, Fabien and Kurohashi, Sadao and Bhattacharyya, Pushpak},
   TITLE = {Leveraging Small Multilingual Corpora for SMT Using Many Pivot Languages}}
@INPROCEEDINGS{papers-533,
   AUTHOR = {Tanner, Chris and Charniak, Eugene},
   SORTNAME = {Tanner, Chris and Charniak, Eugene},
   TITLE = {A Hybrid Generative/Discriminative Approach To Citation Prediction}}
@INPROCEEDINGS{papers-534,
   AUTHOR = {Lin, Chu-Cheng and Ammar, Waleed and Dyer, Chris and Levin, Lori},
   SORTNAME = {Lin, Chu-Cheng and Ammar, Waleed and Dyer, Chris and Levin, Lori},
   TITLE = {Unsupervised POS Induction with Word Embeddings}}
@INPROCEEDINGS{papers-535,
   AUTHOR = {Guha, Anupam and Iyyer, Mohit and Bouman, Danny and Boyd-Graber, Jordan},
   SORTNAME = {Guha, Anupam and Iyyer, Mohit and Bouman, Danny and Boyd-Graber, Jordan},
   TITLE = {Removing the Training Wheels: A Coreference Dataset that Entertains Humans and Challenges Computers}}
@INPROCEEDINGS{papers-539,
   AUTHOR = {Venugopalan, Subhashini and Xu, Huijuan and Donahue, Jeff and Rohrbach, Marcus and Mooney, Raymond and Saenko, Kate},
   SORTNAME = {Venugopalan, Subhashini and Xu, Huijuan and Donahue, Jeff and Rohrbach, Marcus and Mooney, Raymond and Saenko, Kate},
   TITLE = {Translating Videos to Natural Language Using Deep Recurrent Neural Networks}}
@INPROCEEDINGS{papers-540,
   AUTHOR = {Ribeyre, Corentin and Villemonte de la Clergerie, Eric and Seddah, Djamé},
   SORTNAME = {Ribeyre, Corentin and Villemonte de la Clergerie, Eric and Seddah, Djame},
   TITLE = {Because Syntax Does Matter: Improving Predicate-Argument Structures Parsing with Syntactic Features}}
@INPROCEEDINGS{papers-541,
   AUTHOR = {Nguyen, Thang and Boyd-Graber, Jordan and Lund, Jeffrey and Seppi, Kevin and Ringger, Eric},
   SORTNAME = {Nguyen, Thang and Boyd-Graber, Jordan and Lund, Jeffrey and Seppi, Kevin and Ringger, Eric},
   TITLE = {Is Your Anchor Going Up or Down? Fast and Accurate Supervised Topic Models}}
@INPROCEEDINGS{papers-545,
   AUTHOR = {Liu, Yudong and Burkhart, Clinton and Hearne, James and Luo, Liang},
   SORTNAME = {Liu, Yudong and Burkhart, Clinton and Hearne, James and Luo, Liang},
   TITLE = {Enhancing Sumerian Lemmatization by Unsupervised Named-Entity Recognition}}
@INPROCEEDINGS{papers-055,
   AUTHOR = {Liu, Yijia and Zhang, Yue and Che, Wanxiang and Qin, Bing},
   SORTNAME = {Liu, Yijia and Zhang, Yue and Che, Wanxiang and Qin, Bing},
   TITLE = {Transition-Based Syntactic Linearization}}
@INPROCEEDINGS{papers-550,
   AUTHOR = {Wolfe, Travis and Dredze, Mark and Van Durme, Benjamin},
   SORTNAME = {Wolfe, Travis and Dredze, Mark and Van Durme, Benjamin},
   TITLE = {Predicate Argument Alignment using a Global Coherence Model}}
@INPROCEEDINGS{papers-552,
   AUTHOR = {Nishino, Masaaki and Yasuda, Norihito and Hirao, Tsutomu and Minato, Shin-ichi and Nagata, Masaaki},
   SORTNAME = {Nishino, Masaaki and Yasuda, Norihito and Hirao, Tsutomu and Minato, Shin-ichi and Nagata, Masaaki},
   TITLE = {A Dynamic Programming Algorithm for Tree Trimming-based Text Summarization}}
@INPROCEEDINGS{papers-557,
   AUTHOR = {Parikh, Ankur P. and Poon, Hoifung and Toutanova, Kristina},
   SORTNAME = {Parikh, Ankur P. and Poon, Hoifung and Toutanova, Kristina},
   TITLE = {Grounded Semantic Parsing for Complex Knowledge Extraction}}
@INPROCEEDINGS{papers-558,
   AUTHOR = {Salehi, Bahar and Cook, Paul and Baldwin, Timothy},
   SORTNAME = {Salehi, Bahar and Cook, Paul and Baldwin, Timothy},
   TITLE = {A Word Embedding Approach to Predicting the Compositionality of Multiword Expressions}}
@INPROCEEDINGS{papers-056,
   AUTHOR = {Melamud, Oren and Dagan, Ido and Goldberger, Jacob},
   SORTNAME = {Melamud, Oren and Dagan, Ido and Goldberger, Jacob},
   TITLE = {Modeling Word Meaning in Context with Substitute Vectors}}
@INPROCEEDINGS{papers-560,
   AUTHOR = {Zhang, Yuan and Li, Chengtao and Barzilay, Regina and Darwish, Kareem},
   SORTNAME = {Zhang, Yuan and Li, Chengtao and Barzilay, Regina and Darwish, Kareem},
   TITLE = {Randomized Greedy Inference for Joint Segmentation, POS Tagging and Dependency Parsing}}
@INPROCEEDINGS{papers-565,
   AUTHOR = {Wang, Lu and Cardie, Claire and Marchetti, Galen},
   SORTNAME = {Wang, Lu and Cardie, Claire and Marchetti, Galen},
   TITLE = {Socially-Informed Timeline Generation for Complex Events}}
@INPROCEEDINGS{papers-567,
   AUTHOR = {Liu, Fei and Flanigan, Jeffrey and Thomson, Sam and Sadeh, Norman and Smith, Noah A.},
   SORTNAME = {Liu, Fei and Flanigan, Jeffrey and Thomson, Sam and Sadeh, Norman and Smith, Noah A.},
   TITLE = {Toward Abstractive Summarization Using Semantic Representations}}
@INPROCEEDINGS{papers-570,
   AUTHOR = {Pavlick, Ellie and Nenkova, Ani},
   SORTNAME = {Pavlick, Ellie and Nenkova, Ani},
   TITLE = {Inducing Lexical Style Properties for Paraphrase and Genre Differentiation}}
@INPROCEEDINGS{papers-573,
   AUTHOR = {Lei, Tao and Zhang, Yuan and Màrquez, Lluís and Moschitti, Alessandro and Barzilay, Regina},
   SORTNAME = {Lei, Tao and Zhang, Yuan and Marquez, Lluis and Moschitti, Alessandro and Barzilay, Regina},
   TITLE = {High-Order Low-Rank Tensors for Semantic Role Labeling}}
@INPROCEEDINGS{papers-575,
   AUTHOR = {Sordoni, Alessandro and Galley, Michel and Auli, Michael and Brockett, Chris and Ji, Yangfeng and Mitchell, Margaret and Nie, Jian-Yun and Gao, Jianfeng and Dolan, Bill},
   SORTNAME = {Sordoni, Alessandro and Galley, Michel and Auli, Michael and Brockett, Chris and Ji, Yangfeng and Mitchell, Margaret and Nie, Jian-Yun and Gao, Jianfeng and Dolan, Bill},
   TITLE = {A Neural Network Approach to Context-Sensitive Generation of Conversational Responses}}
@INPROCEEDINGS{papers-577,
   AUTHOR = {Ono, Masataka and Miwa, Makoto and Sasaki, Yutaka},
   SORTNAME = {Ono, Masataka and Miwa, Makoto and Sasaki, Yutaka},
   TITLE = {Word Embedding-based Antonym Detection using Thesauri and Distributional Information}}
@INPROCEEDINGS{papers-578,
   AUTHOR = {Salameh, Mohammad and Mohammad, Saif and Kiritchenko, Svetlana},
   SORTNAME = {Salameh, Mohammad and Mohammad, Saif and Kiritchenko, Svetlana},
   TITLE = {Sentiment after Translation: A Case-Study on Arabic Social Media Posts}}
@INPROCEEDINGS{papers-582,
   AUTHOR = {Cohan, Arman and Soldaini, Luca and Goharian, Nazli},
   SORTNAME = {Cohan, Arman and Soldaini, Luca and Goharian, Nazli},
   TITLE = {Matching Citation Text and Cited Spans in Biomedical Literature: a Search-Oriented Approach}}
@INPROCEEDINGS{papers-586,
   AUTHOR = {Shivade, Chaitanya and de Marneffe, Marie-Catherine and Fosler-Lussier, Eric and Lai, Albert M.},
   SORTNAME = {Shivade, Chaitanya and de Marneffe, Marie-Catherine and Fosler-Lussier, Eric and Lai, Albert M.},
   TITLE = {Corpus-based discovery of semantic intensity scales}}
@INPROCEEDINGS{papers-589,
   AUTHOR = {Li, Chen and Liu, Yang and Zhao, Lin},
   SORTNAME = {Li, Chen and Liu, Yang and Zhao, Lin},
   TITLE = {Using External Resources and Joint Learning for Bigram Weighting in ILP-Based Multi-Document Summarization}}
@INPROCEEDINGS{papers-590,
   AUTHOR = {Rao, Sudha and Ettinger, Allyson and Daumé III, Hal and Resnik, Philip},
   SORTNAME = {Rao, Sudha and Ettinger, Allyson and Daume III, Hal and Resnik, Philip},
   TITLE = {Dialogue focus tracking for zero pronoun resolution}}
@INPROCEEDINGS{papers-591,
   AUTHOR = {Kong, Lingpeng and Rush, Alexander M. and Smith, Noah A.},
   SORTNAME = {Kong, Lingpeng and Rush, Alexander M. and Smith, Noah A.},
   TITLE = {Transforming Dependencies into Phrase Structures}}
@INPROCEEDINGS{papers-592,
   AUTHOR = {Otmakhova, Yulia and Shin, Hyopil},
   SORTNAME = {Otmakhova, Yulia and Shin, Hyopil},
   TITLE = {Do We Really Need Lexical Information? Towards a Top-down Approach to Sentiment Analysis of Product Reviews}}
@INPROCEEDINGS{papers-595,
   AUTHOR = {Chen, Jianfu and Kuznetsova, Polina and Warren, David and Choi, Yejin},
   SORTNAME = {Chen, Jianfu and Kuznetsova, Polina and Warren, David and Choi, Yejin},
   TITLE = {Déjà Image-Captions: A Corpus of Expressive Descriptions in Repetition}}
@INPROCEEDINGS{papers-605,
   AUTHOR = {Rutherford, Attapol and Xue, Nianwen},
   SORTNAME = {Rutherford, Attapol and Xue, Nianwen},
   TITLE = {Improving the Inference of Implicit Discourse Relations via Classifying Explicit Discourse Connectives}}
@INPROCEEDINGS{papers-607,
   AUTHOR = {Jin, Lifeng and Schuler, William},
   SORTNAME = {Jin, Lifeng and Schuler, William},
   TITLE = {A Comparison of Word Similarity Performance Using Explanatory and Non-explanatory Texts}}
@INPROCEEDINGS{papers-611,
   AUTHOR = {Li, Chen and Liu, Yang and Zhao, Lin},
   SORTNAME = {Li, Chen and Liu, Yang and Zhao, Lin},
   TITLE = {Improving Update Summarization via Supervised ILP and Sentence Reranking}}
@INPROCEEDINGS{papers-617,
   AUTHOR = {Neelakantan, Arvind and Chang, Ming-Wei},
   SORTNAME = {Neelakantan, Arvind and Chang, Ming-Wei},
   TITLE = {Inferring Missing Entity Type Instances for Knowledge Base Completion: New Dataset and Methods}}
@INPROCEEDINGS{papers-631,
   AUTHOR = {Lu, Ang and Wang, Weiran and Bansal, Mohit and Gimpel, Kevin and Livescu, Karen},
   SORTNAME = {Lu, Ang and Wang, Weiran and Bansal, Mohit and Gimpel, Kevin and Livescu, Karen},
   TITLE = {Deep Multilingual Correlation for Improved Word Embeddings}}
@INPROCEEDINGS{papers-634,
   AUTHOR = {Kim, Young-Bum and Jeong, Minwoo and Stratos, Karl and Sarikaya, Ruhi},
   SORTNAME = {Kim, Young-Bum and Jeong, Minwoo and Stratos, Karl and Sarikaya, Ruhi},
   TITLE = {Weakly Supervised Slot Tagging with Partially Labeled Sequences from Web Search Click Logs}}
@INPROCEEDINGS{papers-642,
   AUTHOR = {Ding, Haibo and Riloff, Ellen},
   SORTNAME = {Ding, Haibo and Riloff, Ellen},
   TITLE = {Extracting Information about Medication Use from Veterinary Discussions}}
@INPROCEEDINGS{papers-647,
   AUTHOR = {Ahlberg, Malin and Forsberg, Markus and Hulden, Mans},
   SORTNAME = {Ahlberg, Malin and Forsberg, Markus and Hulden, Mans},
   TITLE = {Paradigm classification in supervised learning of morphology}}
@INPROCEEDINGS{papers-648,
   AUTHOR = {Peng, Haoruo and Khashabi, Daniel and Roth, Dan},
   SORTNAME = {Peng, Haoruo and Khashabi, Daniel and Roth, Dan},
   TITLE = {Solving Hard Coreference Problems}}
@INPROCEEDINGS{papers-650,
   AUTHOR = {Deng, Lingjia and Wiebe, Janyce},
   SORTNAME = {Deng, Lingjia and Wiebe, Janyce},
   TITLE = {MPQA 3.0: An Entity/Event-Level Sentiment Corpus}}
@INPROCEEDINGS{papers-651,
   AUTHOR = {Jurgens, David and Pilehvar, Mohammad Taher},
   SORTNAME = {Jurgens, David and Pilehvar, Mohammad Taher},
   TITLE = {Reserating the awesometastic: An automatic extension of the WordNet taxonomy for novel terms}}
@INPROCEEDINGS{papers-661,
   AUTHOR = {Hixon, Ben and Clark, Peter and Hajishirzi, Hannaneh},
   SORTNAME = {Hixon, Ben and Clark, Peter and Hajishirzi, Hannaneh},
   TITLE = {Learning Knowledge Graphs for Question Answering through Conversational Dialog}}
@INPROCEEDINGS{papers-664,
   AUTHOR = {Benton, Adrian and Dredze, Mark},
   SORTNAME = {Benton, Adrian and Dredze, Mark},
   TITLE = {Entity Linking for Spoken Language}}
@INPROCEEDINGS{papers-666,
   AUTHOR = {Doyle, Gabriel and Frank, Michael},
   SORTNAME = {Doyle, Gabriel and Frank, Michael},
   TITLE = {Shared common ground influences information density in microblog texts}}
@INPROCEEDINGS{papers-669,
   AUTHOR = {Kozareva, Zornitsa},
   SORTNAME = {Kozareva, Zornitsa},
   TITLE = {Everyone Likes Shopping! Multi-class Product Categorization for e-Commerce}}
@INPROCEEDINGS{papers-670,
   AUTHOR = {Greenberg, Clayton and Sayeed, Asad and Demberg, Vera},
   SORTNAME = {Greenberg, Clayton and Sayeed, Asad and Demberg, Vera},
   TITLE = {Improving unsupervised vector-space thematic fit evaluation via role-filler prototype clustering}}
@INPROCEEDINGS{papers-671,
   AUTHOR = {Yao, Lei and Kondrak, Grzegorz},
   SORTNAME = {Yao, Lei and Kondrak, Grzegorz},
   TITLE = {Joint Generation of Transliterations from Multiple Representations}}
@INPROCEEDINGS{papers-673,
   AUTHOR = {Chen, Chen and Ng, Vincent},
   SORTNAME = {Chen, Chen and Ng, Vincent},
   TITLE = {Chinese Event Coreference Resolution: An Unsupervised Probabilistic Model Rivaling Supervised Resolvers}}
@INPROCEEDINGS{papers-674,
   AUTHOR = {Pershina, Maria and He, Yifan and Grishman, Ralph},
   SORTNAME = {Pershina, Maria and He, Yifan and Grishman, Ralph},
   TITLE = {Personalized Page Rank for Named Entity Disambiguation}}
@INPROCEEDINGS{papers-675,
   AUTHOR = {Andrade, Daniel and Sadamasa, Kunihiko and Tamura, Akihiro and Tsuchida, Masaaki},
   SORTNAME = {Andrade, Daniel and Sadamasa, Kunihiko and Tamura, Akihiro and Tsuchida, Masaaki},
   TITLE = {Cross-lingual Text Classification Using Topic-Dependent Word Probabilities}}
@INPROCEEDINGS{papers-688,
   AUTHOR = {Nicolai, Garrett and Cherry, Colin and Kondrak, Grzegorz},
   SORTNAME = {Nicolai, Garrett and Cherry, Colin and Kondrak, Grzegorz},
   TITLE = {Inflection Generation as Discriminative String Transduction}}
@INPROCEEDINGS{papers-689,
   AUTHOR = {Ferguson, James and Durrett, Greg and Klein, Dan},
   SORTNAME = {Ferguson, James and Durrett, Greg and Klein, Dan},
   TITLE = {Disfluency Detection with a Semi-Markov Model and Prosodic Features}}
@INPROCEEDINGS{papers-069,
   AUTHOR = {Müller, Thomas and Schuetze, Hinrich},
   SORTNAME = {Muller, Thomas and Schuetze, Hinrich},
   TITLE = {Robust Morphological Tagging with Word Representations}}
@INPROCEEDINGS{papers-697,
   AUTHOR = {Baltescu, Paul and Blunsom, Phil},
   SORTNAME = {Baltescu, Paul and Blunsom, Phil},
   TITLE = {Pragmatic Neural Language Modelling in Machine Translation}}
@INPROCEEDINGS{papers-699,
   AUTHOR = {Nicolai, Garrett and Kondrak, Grzegorz},
   SORTNAME = {Nicolai, Garrett and Kondrak, Grzegorz},
   TITLE = {English orthography is not ``close to optimal''}}
@INPROCEEDINGS{papers-701,
   AUTHOR = {Agarwal, Apoorv and Zheng, Jiehan and Kamath, Shruti and Balasubramanian, Sriramkumar and Ann Dey, Shirin},
   SORTNAME = {Agarwal, Apoorv and Zheng, Jiehan and Kamath, Shruti and Balasubramanian, Sriramkumar and Ann Dey, Shirin},
   TITLE = {Key Female Characters in Film Have More to Talk About Besides Men: Automating the Bechdel Test}}
@INPROCEEDINGS{papers-706,
   AUTHOR = {Berg-Kirkpatrick, Taylor and Klein, Dan},
   SORTNAME = {Berg-Kirkpatrick, Taylor and Klein, Dan},
   TITLE = {GPU-Friendly Local Regression for Voice Conversion}}
@INPROCEEDINGS{papers-071,
   AUTHOR = {Hieber, Felix and Riezler, Stefan},
   SORTNAME = {Hieber, Felix and Riezler, Stefan},
   TITLE = {Bag-of-Words Forced Decoding for Cross-Lingual Information Retrieval}}
@INPROCEEDINGS{papers-073,
   AUTHOR = {Johnson, Rie and Zhang, Tong},
   SORTNAME = {Johnson, Rie and Zhang, Tong},
   TITLE = {Effective Use of Word Order for Text Categorization with Convolutional Neural Networks}}
@INPROCEEDINGS{papers-076,
   AUTHOR = {Faruqui, Manaal and Dodge, Jesse and Jauhar, Sujay Kumar and Dyer, Chris and Hovy, Eduard and Smith, Noah A.},
   SORTNAME = {Faruqui, Manaal and Dodge, Jesse and Jauhar, Sujay Kumar and Dyer, Chris and Hovy, Eduard and Smith, Noah A.},
   TITLE = {Retrofitting Word Vectors to Semantic Lexicons}}
@INPROCEEDINGS{papers-077,
   AUTHOR = {Shin, Andrew and Sasano, Ryohei and Takamura, Hiroya and Okumura, Manabu},
   SORTNAME = {Shin, Andrew and Sasano, Ryohei and Takamura, Hiroya and Okumura, Manabu},
   TITLE = {Context-Dependent Automatic Response Generation Using Statistical Machine Translation Techniques}}
@INPROCEEDINGS{papers-008,
   AUTHOR = {Yu, Dian and Ji, Heng and Li, Sujian and Lin, Chin-Yew},
   SORTNAME = {Yu, Dian and Ji, Heng and Li, Sujian and Lin, Chin-Yew},
   TITLE = {Why Read if You Can Scan? Trigger Scoping Strategy for Biographical Fact Extraction}}
@INPROCEEDINGS{papers-082,
   AUTHOR = {Fraser, Kathleen C. and Ben-David, Naama and Hirst, Graeme and Graham, Naida and Rochon, Elizabeth},
   SORTNAME = {Fraser, Kathleen C. and Ben-David, Naama and Hirst, Graeme and Graham, Naida and Rochon, Elizabeth},
   TITLE = {Sentence segmentation of aphasic speech}}
@INPROCEEDINGS{papers-083,
   AUTHOR = {Gupta, Sonal and Manning, Christopher D.},
   SORTNAME = {Gupta, Sonal and Manning, Christopher D.},
   TITLE = {Distributed Representations of Words to Guide Bootstrapped Entity Classifiers}}
@INPROCEEDINGS{papers-087,
   AUTHOR = {Xu, Han and Martin, Eric and Mahidadia, Ashesh},
   SORTNAME = {Xu, Han and Martin, Eric and Mahidadia, Ashesh},
   TITLE = {Extractive Summarisation Based on Keyword Profile and Language Model}}
@INPROCEEDINGS{papers-089,
   AUTHOR = {Gaspers, Judith and Cimiano, Philipp and Wrede, Britta},
   SORTNAME = {Gaspers, Judith and Cimiano, Philipp and Wrede, Britta},
   TITLE = {Semantic parsing of speech using grammars learned with weak supervision}}
@INPROCEEDINGS{papers-090,
   AUTHOR = {Yang, Min and Tu, Wenting and Lu, Ziyu and Yin, Wenpeng and Chow, Kam-Pui},
   SORTNAME = {Yang, Min and Tu, Wenting and Lu, Ziyu and Yin, Wenpeng and Chow, Kam-Pui},
   TITLE = {LCCT: A Semi-supervised Model for Sentiment Classification}}
