@INPROCEEDINGS{starsem-015,
   AUTHOR = {Uryupina, Olga and Moschitti, Alessandro},
   SORTNAME = {Uryupina, Olga and Moschitti, Alessandro},
   TITLE = {A State-of-the-Art Mention-Pair Model for Coreference Resolution}}
@INPROCEEDINGS{starsem-025,
   AUTHOR = {Feizabadi, Parvin Sadat and Padó, Sebastian},
   SORTNAME = {Feizabadi, Parvin Sadat and Pado, Sebastian},
   TITLE = {Combining Seemingly Incompatible Corpora for Implicit Semantic Role Labeling}}
@INPROCEEDINGS{starsem-029,
   AUTHOR = {Schluter, Natalie},
   SORTNAME = {Schluter, Natalie},
   TITLE = {The complexity of finding the maximum spanning DAG and other restrictions for DAG parsing of natural language}}
@INPROCEEDINGS{starsem-003,
   AUTHOR = {Exner, Peter and Klang, Marcus and Nugues, Pierre},
   SORTNAME = {Exner, Peter and Klang, Marcus and Nugues, Pierre},
   TITLE = {A Distant Supervision Approach to Semantic Role Labeling}}
@INPROCEEDINGS{starsem-030,
   AUTHOR = {Noh, Tae-Gil and Padó, Sebastian and Shwartz, Vered and Dagan, Ido and Nastase, Vivi and Eichler, Kathrin and Kotlerman, Lili and Adler, Meni},
   SORTNAME = {Noh, Tae-Gil and Pado, Sebastian and Shwartz, Vered and Dagan, Ido and Nastase, Vivi and Eichler, Kathrin and Kotlerman, Lili and Adler, Meni},
   TITLE = {Multi-Level Alignments As An Extensible Representation Basis for Textual Entailment Algorithms}}
@INPROCEEDINGS{starsem-031,
   AUTHOR = {Eger, Steffen and Schenk, Niko and Mehler, Alexander},
   SORTNAME = {Eger, Steffen and Schenk, Niko and Mehler, Alexander},
   TITLE = {Towards Semantic Language Classification: Inducing and Clustering Semantic Association Networks from Europarl}}
@INPROCEEDINGS{starsem-032,
   AUTHOR = {Necsulescu, Silvia and Mendes, Sara and Jurgens, David and Bel, Núria and Navigli, Roberto},
   SORTNAME = {Necsulescu, Silvia and Mendes, Sara and Jurgens, David and Bel, Nuria and Navigli, Roberto},
   TITLE = {Reading Between the Lines: Overcoming Data Sparsity for Accurate Classification of Lexical Relationships}}
@INPROCEEDINGS{starsem-033,
   AUTHOR = {Kornai, Andras and Ács, Judit and Makrai, Márton and Nemeskey, Dávid Márk and Pajkossy, Katalin and Recski, Gábor},
   SORTNAME = {Kornai, Andras and Acs, Judit and Makrai, Marton and Nemeskey, David Mark and Pajkossy, Katalin and Recski, Gabor},
   TITLE = {Competence in lexical semantics}}
@INPROCEEDINGS{starsem-035,
   AUTHOR = {Gupta, Abhijeet and Utt, Jason and Padó, Sebastian},
   SORTNAME = {Gupta, Abhijeet and Utt, Jason and Pado, Sebastian},
   TITLE = {Dissecting the Practical Lexical Function Model for Compositional Distributional Semantics}}
@INPROCEEDINGS{starsem-038,
   AUTHOR = {Danesh, Soheil and Sumner, Tamara and Martin, James H.},
   SORTNAME = {Danesh, Soheil and Sumner, Tamara and Martin, James H.},
   TITLE = {SGRank: Combining Statistical and Graphical Methods to Improve the State of the Art in Unsupervised Keyphrase Extraction}}
@INPROCEEDINGS{starsem-041,
   AUTHOR = {Aletras, Nikolaos and Stevenson, Mark},
   SORTNAME = {Aletras, Nikolaos and Stevenson, Mark},
   TITLE = {A Hybrid Distributional and Knowledge-based Model of Lexical Semantics}}
@INPROCEEDINGS{starsem-042,
   AUTHOR = {Jauhar, Sujay Kumar and Guerra, Raul and Gonzàlez Pellicer, Edgar and Recasens, Marta},
   SORTNAME = {Jauhar, Sujay Kumar and Guerra, Raul and Gonzalez Pellicer, Edgar and Recasens, Marta},
   TITLE = {Resolving Discourse-Deictic Pronouns: A Two-Stage Approach to Do It}}
@INPROCEEDINGS{starsem-043,
   AUTHOR = {Benamara, Farah and Taboada, Maite},
   SORTNAME = {Benamara, Farah and Taboada, Maite},
   TITLE = {Mapping Different Rhetorical Relation Annotations: A Proposal}}
@INPROCEEDINGS{starsem-044,
   AUTHOR = {Fauconnier, Jean-Philippe and Kamel, Mouna},
   SORTNAME = {Fauconnier, Jean-Philippe and Kamel, Mouna},
   TITLE = {Discovering Hypernymy Relations using Text Layout}}
@INPROCEEDINGS{starsem-050,
   AUTHOR = {Kato, Yoshihide and Matsubara, Shigeki},
   SORTNAME = {Kato, Yoshihide and Matsubara, Shigeki},
   TITLE = {Incremental Semantic Construction Using Normal Form CCG Derivation}}
@INPROCEEDINGS{starsem-051,
   AUTHOR = {Corman, Julien and Vieu, Laure and Aussenac-Gilles, Nathalie},
   SORTNAME = {Corman, Julien and Vieu, Laure and Aussenac-Gilles, Nathalie},
   TITLE = {Distributional semantics for ontology verification}}
@INPROCEEDINGS{starsem-053,
   AUTHOR = {Judea, Alex and Strube, Michael},
   SORTNAME = {Judea, Alex and Strube, Michael},
   TITLE = {Event Extraction as Frame-Semantic Parsing}}
@INPROCEEDINGS{starsem-055,
   AUTHOR = {Mesgar, Mohsen and Strube, Michael},
   SORTNAME = {Mesgar, Mohsen and Strube, Michael},
   TITLE = {Graph-based Coherence Modeling For Assessing Readability}}
@INPROCEEDINGS{starsem-060,
   AUTHOR = {Prabhakaran, Vinodkumar and Boguraev, Branimir},
   SORTNAME = {Prabhakaran, Vinodkumar and Boguraev, Branimir},
   TITLE = {Learning Structures of Negations from Flat Annotations}}
@INPROCEEDINGS{starsem-061,
   AUTHOR = {Prabhakaran, Vinodkumar and By, Tomas and Hirschberg, Julia and Rambow, Owen and Shaikh, Samira and Strzalkowski, Tomek and Tracey, Jennifer and Arrigo, Michael and Basu, Rupayan and Clark, Micah and Dalton, Adam and Diab, Mona and Guthrie, Louise and Prokofieva, Anna and Strassel, Stephanie and Werner, Gregory and Wilks, Yorick and Wiebe, Janyce},
   SORTNAME = {Prabhakaran, Vinodkumar and By, Tomas and Hirschberg, Julia and Rambow, Owen and Shaikh, Samira and Strzalkowski, Tomek and Tracey, Jennifer and Arrigo, Michael and Basu, Rupayan and Clark, Micah and Dalton, Adam and Diab, Mona and Guthrie, Louise and Prokofieva, Anna and Strassel, Stephanie and Werner, Gregory and Wilks, Yorick and Wiebe, Janyce},
   TITLE = {A New Dataset and Evaluation for Belief/Factuality}}
@INPROCEEDINGS{starsem-062,
   AUTHOR = {Sanches Duran, Magali and Aluísio, Sandra},
   SORTNAME = {Sanches Duran, Magali and Aluisio, Sandra},
   TITLE = {Automatic Generation of a Lexical Resource to support Semantic Role Labeling in Portuguese}}
@INPROCEEDINGS{starsem-063,
   AUTHOR = {Zhu, Xiaodan and Guo, Hongyu and Sobhani, Parinaz},
   SORTNAME = {Zhu, Xiaodan and Guo, Hongyu and Sobhani, Parinaz},
   TITLE = {Neural Networks for Integrating Compositional and Non-compositional Sentiment in Sentiment Composition}}
@INPROCEEDINGS{starsem-065,
   AUTHOR = {Marujo, Luis and Ribeiro, Ricardo and Martins de Matos, David and Neto, João and Gershman, Anatole and Carbonell, Jaime},
   SORTNAME = {Marujo, Luis and Ribeiro, Ricardo and Martins de Matos, David and Neto, Joao and Gershman, Anatole and Carbonell, Jaime},
   TITLE = {Extending a Single-Document Summarizer to Multi-Document: a Hierarchical Approach}}
@INPROCEEDINGS{starsem-069,
   AUTHOR = {Le, Phong and Zuidema, Willem},
   SORTNAME = {Le, Phong and Zuidema, Willem},
   TITLE = {Compositional Distributional Semantics with Long Short Term Memory}}
@INPROCEEDINGS{starsem-007,
   AUTHOR = {Ritter, Samuel and Long, Cotie and Paperno, Denis and Baroni, Marco and Botvinick, Matthew and Goldberg, Adele},
   SORTNAME = {Ritter, Samuel and Long, Cotie and Paperno, Denis and Baroni, Marco and Botvinick, Matthew and Goldberg, Adele},
   TITLE = {Leveraging Preposition Ambiguity to Assess Compositional Distributional Models of Semantics}}
@INPROCEEDINGS{starsem-070,
   AUTHOR = {Wu, Shumin and Palmer, Martha},
   SORTNAME = {Wu, Shumin and Palmer, Martha},
   TITLE = {Can Selectional Preferences Help Automatic Semantic Role Labeling?}}
@INPROCEEDINGS{starsem-075,
   AUTHOR = {Elfardy, Heba and Diab, Mona and Callison-Burch, Chris},
   SORTNAME = {Elfardy, Heba and Diab, Mona and Callison-Burch, Chris},
   TITLE = {Ideological Perspective Detection Using Semantic Features}}
@INPROCEEDINGS{starsem-079,
   AUTHOR = {Aggarwal, Nitish and Asooja, Kartik and Bordea, Georgeta and Buitelaar, Paul},
   SORTNAME = {Aggarwal, Nitish and Asooja, Kartik and Bordea, Georgeta and Buitelaar, Paul},
   TITLE = {Non-Orthogonal Explicit Semantic Analysis}}
@INPROCEEDINGS{starsem-081,
   AUTHOR = {Lopez de Lacalle, Oier and Agirre, Eneko},
   SORTNAME = {Lopez de Lacalle, Oier and Agirre, Eneko},
   TITLE = {A Methodology for Word Sense Disambiguation at 90\% based on large-scale CrowdSourcing}}
@INPROCEEDINGS{starsem-082,
   AUTHOR = {Barrena, Ander and Soroa, Aitor and Agirre, Eneko},
   SORTNAME = {Barrena, Ander and Soroa, Aitor and Agirre, Eneko},
   TITLE = {Combining Mention Context and Hyperlinks from Wikipedia for Named Entity Disambiguation}}
@INPROCEEDINGS{starsem-083,
   AUTHOR = {Foland, William and Martin, James},
   SORTNAME = {Foland, William and Martin, James},
   TITLE = {Dependency-Based Semantic Role Labeling using Convolutional Neural Networks}}
@INPROCEEDINGS{starsem-084,
   AUTHOR = {Perera, Sujan and Mendes, Pablo and Sheth, Amit and Thirunarayan, Krishnaprasad and Alex, Adarsh and Heid, Christopher and Mott, Greg},
   SORTNAME = {Perera, Sujan and Mendes, Pablo and Sheth, Amit and Thirunarayan, Krishnaprasad and Alex, Adarsh and Heid, Christopher and Mott, Greg},
   TITLE = {Implicit Entity Recognition in Clinical Documents}}
@INPROCEEDINGS{starsem-087,
   AUTHOR = {Hwang, Jena D. and Palmer, Martha},
   SORTNAME = {Hwang, Jena D. and Palmer, Martha},
   TITLE = {Identification of Caused Motion Construction}}
@INPROCEEDINGS{starsem-089,
   AUTHOR = {Burford, Clint and Bird, Steven and Baldwin, Timothy},
   SORTNAME = {Burford, Clint and Bird, Steven and Baldwin, Timothy},
   TITLE = {Collective Document Classification with Implicit Inter-document Semantic Relationships}}
@INPROCEEDINGS{starsem-094,
   AUTHOR = {Rudinger, Rachel and Demberg, Vera and Modi, Ashutosh and Van Durme, Benjamin and Pinkal, Manfred},
   SORTNAME = {Rudinger, Rachel and Demberg, Vera and Modi, Ashutosh and Van Durme, Benjamin and Pinkal, Manfred},
   TITLE = {Learning to predict script events from domain-specific text}}
@INPROCEEDINGS{starsem-098,
   AUTHOR = {Ruiz, Pablo and Poibeau, Thierry},
   SORTNAME = {Ruiz, Pablo and Poibeau, Thierry},
   TITLE = {Combining Open Source Annotators for Entity Linking through Weighted Voting}}
