@INPROCEEDINGS{WiNLP-061,
   AUTHOR = {Tadimeti, Divya and Georgila, Kallirroi and Traum, David},
   SORTNAME = {Tadimeti, Divya and Georgila, Kallirroi and Traum, David},
   TITLE = {How Well Can an Agent Understand Different Accents?}}
@INPROCEEDINGS{WiNLP-059,
   AUTHOR = {Murthy, Sonia and King, Daniel and Hope, Tom and Weld, Daniel and Downey, Doug},
   SORTNAME = {Murthy, Sonia and King, Daniel and Hope, Tom and Weld, Daniel and Downey, Doug},
   TITLE = {Towards Personalized Descriptions of Scientific Concepts}}
@INPROCEEDINGS{WiNLP-057,
   AUTHOR = {Mayn, Alexandra and van Deemter, Kees},
   SORTNAME = {Mayn, Alexandra and van Deemter, Kees},
   TITLE = {Evaluating automatic difficulty estimation \\ of logic formalization exercises}}
@INPROCEEDINGS{WiNLP-032,
   AUTHOR = {Sumanapala, Janani and Rathnayake, Himashi and Rukshani, Raveesha},
   SORTNAME = {Sumanapala, Janani and Rathnayake, Himashi and Rukshani, Raveesha},
   TITLE = {Sinhala-English Code-mixed and Code-switched Data Classification}}
@INPROCEEDINGS{WiNLP-035,
   AUTHOR = {Yamato, Nao},
   SORTNAME = {Yamato, Nao},
   TITLE = {Idiom Extraction Method with Fine-tuning of Pre-trained TransformersModel for Named Entity Recognition}}
@INPROCEEDINGS{WiNLP-069,
   AUTHOR = {Khilnani, Jatin and Bhalerao, Rasika and Ndambakuwa, Tatenda and Aliapoulios, Maxwell},
   SORTNAME = {Khilnani, Jatin and Bhalerao, Rasika and Ndambakuwa, Tatenda and Aliapoulios, Maxwell},
   TITLE = {Leveraging ultradense embeddings to analyze gender-oriented extremist recruitment targeting}}
@INPROCEEDINGS{WiNLP-056,
   AUTHOR = {Kazi, Taaha},
   SORTNAME = {Kazi, Taaha},
   TITLE = {Detoxifying Language Models with Proximal Policy Optimization}}
@INPROCEEDINGS{WiNLP-051,
   AUTHOR = {Julka, Esha and Kowalishin, Olivia and Jenifer, Jalisha B. and Poliak, Adam},
   SORTNAME = {Julka, Esha and Kowalishin, Olivia and Jenifer, Jalisha B. and Poliak, Adam},
   TITLE = {Characterizing Test Anxiety on Social Media}}
@INPROCEEDINGS{WiNLP-060,
   AUTHOR = {Banerjee, Esha and Ojha, Atul Kr. and Jha, Girish},
   SORTNAME = {Banerjee, Esha and Ojha, Atul Kr. and Jha, Girish},
   TITLE = {Building Prosody Labeled Corpus in Hindi}}
@INPROCEEDINGS{WiNLP-033,
   AUTHOR = {Ramirez, Angela and Li, Cecilia and Lee, Phillip and Zamora, Eduardo and Bheemanpally, Jeshwanth and Walker, Marilyn and Ratnaparkhi, Adwait},
   SORTNAME = {Ramirez, Angela and Li, Cecilia and Lee, Phillip and Zamora, Eduardo and Bheemanpally, Jeshwanth and Walker, Marilyn and Ratnaparkhi, Adwait},
   TITLE = {''I don't know who she is'': Discourse and Knowledge Driven Coreference Resolution}}
@INPROCEEDINGS{WiNLP-009,
   AUTHOR = {Guellil, Imane and Adeel, Ahsan and Azouaou, Faical and Boubred, Mohamed and Houichi, Yousra and Moumna, Akram Abdelhaq},
   SORTNAME = {Guellil, Imane and Adeel, Ahsan and Azouaou, Faical and Boubred, Mohamed and Houichi, Yousra and Moumna, Akram Abdelhaq},
   TITLE = {Ara-Women-Hate: The first Arabic Hate Speech corpus regarding Women}}
@INPROCEEDINGS{WiNLP-007,
   AUTHOR = {Dossou, Bonaventure F. P. and Emezue, Chris Chinenye},
   SORTNAME = {Dossou, Bonaventure F. P. and Emezue, Chris Chinenye},
   TITLE = {OkwuGbé: End-to-End Speech Recognition for Fon and Igbo}}
@INPROCEEDINGS{WiNLP-029,
   AUTHOR = {Kumbale, Sinchana and Singh, Smriti},
   SORTNAME = {Kumbale, Sinchana and Singh, Smriti},
   TITLE = {Towards the Early Detection of Child Predators in Chat Rooms: A BERT-based Approach}}
@INPROCEEDINGS{WiNLP-042,
   AUTHOR = {Tjuatja, Lindia and Rijhwani, Shruti and Neubig, Graham},
   SORTNAME = {Tjuatja, Lindia and Rijhwani, Shruti and Neubig, Graham},
   TITLE = {Explorations in Transfer Learning for OCR Post-Correction}}
@INPROCEEDINGS{WiNLP-028,
   AUTHOR = {Niyarepola, Kashyapa and Ekanayake, Savindu and Athapaththu, Dineth},
   SORTNAME = {Niyarepola, Kashyapa and Ekanayake, Savindu and Athapaththu, Dineth},
   TITLE = {Elementary-Level Math Word Problem Generation using Pre-Trained Transformers}}
@INPROCEEDINGS{WiNLP-010,
   AUTHOR = {Ameer, Iqra and Sidorov, Grigori and Gómez-Adorno, Helena and Nawab, Rao Muhammad Adeel},
   SORTNAME = {Ameer, Iqra and Sidorov, Grigori and Gomez-Adorno, Helena and Nawab, Rao Muhammad Adeel},
   TITLE = {Multi-label Emotion Classification on Code-Mixed Text: Data and Methods}}
@INPROCEEDINGS{WiNLP-026,
   AUTHOR = {Huidrom, Rudali and Lepage, Yves},
   SORTNAME = {Huidrom, Rudali and Lepage, Yves},
   TITLE = {EM ALBERT: a step towards equipping Manipuri for NLP}}
@INPROCEEDINGS{WiNLP-008,
   AUTHOR = {Gharbi, Slim and Haddad, Hatem and Kchaou, Mayssa and Arfaoui, Heger},
   SORTNAME = {Gharbi, Slim and Haddad, Hatem and Kchaou, Mayssa and Arfaoui, Heger},
   TITLE = {TEET! Tunisian Dataset for Toxic Speech Detection}}
@INPROCEEDINGS{WiNLP-044,
   AUTHOR = {Sirithunga, Rumesh and De Silva, Lahiru and Aluthwala, Thamindu},
   SORTNAME = {Sirithunga, Rumesh and De Silva, Lahiru and Aluthwala, Thamindu},
   TITLE = {Towards Text Simplification for Sinhala Language}}
@INPROCEEDINGS{WiNLP-043,
   AUTHOR = {Ivanova, Sardana and Tyers, Francis and Washington, Jonathan},
   SORTNAME = {Ivanova, Sardana and Tyers, Francis and Washington, Jonathan},
   TITLE = {A Prototype Free/Open-Source Morphological Analyser and Generator for Sakha}}
@INPROCEEDINGS{WiNLP-038,
   AUTHOR = {Serianni, Aaron and Whitenack, Daniel},
   SORTNAME = {Serianni, Aaron and Whitenack, Daniel},
   TITLE = {Exploring Transfer Learning Pathways for Neural Machine Back Translation of Eskimo-Aleut, Chicham, and Classical Languages}}
@INPROCEEDINGS{WiNLP-036,
   AUTHOR = {Kirtane, Neeraja and Anand, Tanvi},
   SORTNAME = {Kirtane, Neeraja and Anand, Tanvi},
   TITLE = {Occupational Gender stereotypes in Indic Languages}}
@INPROCEEDINGS{WiNLP-065,
   AUTHOR = {Gupta, Gauri and Vijay, Supriti and Ramesh, Krithika},
   SORTNAME = {Gupta, Gauri and Vijay, Supriti and Ramesh, Krithika},
   TITLE = {Detecting Gender Bias using Explainability}}
@INPROCEEDINGS{WiNLP-062,
   AUTHOR = {Gaim, Fitsum and Yang, Wonsuk and Park, Jong C.},
   SORTNAME = {Gaim, Fitsum and Yang, Wonsuk and Park, Jong C.},
   TITLE = {Monolingual Pre-Trained Language Models for Tigrinya}}
@INPROCEEDINGS{WiNLP-054,
   AUTHOR = {Destaw, Tadesse and Ayele, Abinew and Yimam, Seid Muhie},
   SORTNAME = {Destaw, Tadesse and Ayele, Abinew and Yimam, Seid Muhie},
   TITLE = {The Development of Pre-processing Tools and Pre-trained Embedding Models for Amharic}}
@INPROCEEDINGS{WiNLP-053,
   AUTHOR = {Majumdar, Pritha},
   SORTNAME = {Majumdar, Pritha},
   TITLE = {Bengali Parallel Universal Dependency Treebank}}
@INPROCEEDINGS{WiNLP-030,
   AUTHOR = {Kantharuban, Anjali and Andreas, Jacob},
   SORTNAME = {Kantharuban, Anjali and Andreas, Jacob},
   TITLE = {One-Shot Lexicon Learning for Low-Resource Machine Translation}}
@INPROCEEDINGS{WiNLP-037,
   AUTHOR = {Kavya, Marthala and Singh, Smriti},
   SORTNAME = {Kavya, Marthala and Singh, Smriti},
   TITLE = {\#WhyDidTheyStay: An NLP-driven approach to analyzing the factors that affect domestic violence victims}}
@INPROCEEDINGS{WiNLP-039,
   AUTHOR = {Mazuecos, Mauricio and Luque, Franco M. and Sánchez, Jorge and Maina, Hernán and Vadora, Thomas and Benotti, Luciana},
   SORTNAME = {Mazuecos, Mauricio and Luque, Franco M. and Sanchez, Jorge and Maina, Hernan and Vadora, Thomas and Benotti, Luciana},
   TITLE = {An interpretable representation that visually grounds dialog history}}
@INPROCEEDINGS{WiNLP-052,
   AUTHOR = {Bhattacharjee, Kasturi and Gangadharaiah, Rashmi and Muresan, Smaranda},
   SORTNAME = {Bhattacharjee, Kasturi and Gangadharaiah, Rashmi and Muresan, Smaranda},
   TITLE = {Sample Selection Guided by Domain and Task for Cross-Domain Targeted Sentiment Analysis}}
@INPROCEEDINGS{WiNLP-055,
   AUTHOR = {Lee, Seolhwa and Yang, Kisu and park, chanjun and Sedoc, João and Lim, Heuiseok},
   SORTNAME = {Lee, Seolhwa and Yang, Kisu and park, chanjun and Sedoc, Joao and Lim, Heuiseok},
   TITLE = {Towards Syntax-Aware DialogueSummarization using Multi-task Learning}}
@INPROCEEDINGS{WiNLP-063,
   AUTHOR = {Rakshit, Geetanjali and Flanigan, Jeffrey},
   SORTNAME = {Rakshit, Geetanjali and Flanigan, Jeffrey},
   TITLE = {ASQ: Automatically Generating Question-Answer Pairs using AMRs}}
@INPROCEEDINGS{WiNLP-064,
   AUTHOR = {Sakhovskiy, Andrey and Tutubalina, Elena},
   SORTNAME = {Sakhovskiy, Andrey and Tutubalina, Elena},
   TITLE = {Adverse Drug Reaction Classification of Tweets with Fusion of Text and Drug Representations}}
@INPROCEEDINGS{WiNLP-046,
   AUTHOR = {Podină, Ioana R. and Bucur, Ana-Maria and Todea, Diana and Fodor, Liviu and Luca, Andreea and Dinu, Liviu P. and Boian, Rareș},
   SORTNAME = {Podina, Ioana R. and Bucur, Ana-Maria and Todea, Diana and Fodor, Liviu and Luca, Andreea and Dinu, Liviu P. and Boian, Rares},
   TITLE = {Natural language processing as a tool to identify the Reddit particularities of cancer survivors around the time of diagnosis and remission: A pilot study}}
@INPROCEEDINGS{WiNLP-041,
   AUTHOR = {Spira, Daphna and Mayat, Noreen and Dreisbach, Caitlin and Poliak, Adam},
   SORTNAME = {Spira, Daphna and Mayat, Noreen and Dreisbach, Caitlin and Poliak, Adam},
   TITLE = {Discovering changes in birthing narratives during COVID-19}}
@INPROCEEDINGS{WiNLP-048,
   AUTHOR = {Singh, Muskaan and Ghosal, Tirthankar},
   SORTNAME = {Singh, Muskaan and Ghosal, Tirthankar},
   TITLE = {Identifying Significant Citations via Mining Paper Full-Text}}
@INPROCEEDINGS{WiNLP-024,
   AUTHOR = {Ungless, Eddie and Ross, Björn and Belle, Vaishak},
   SORTNAME = {Ungless, Eddie and Ross, Bjorn and Belle, Vaishak},
   TITLE = {Nuanced Queerphobic Bias in Popular Sentiment Analysis Tools: A Data Set and Evaluation}}
@INPROCEEDINGS{WiNLP-015,
   AUTHOR = {Kharitonova, Ksenia and Costa-jussà, Marta R. and Escolano, Carlos and Basta, Christine and Armengol-Estapé, Jordi},
   SORTNAME = {Kharitonova, Ksenia and Costa-jussa, Marta R. and Escolano, Carlos and Basta, Christine and Armengol-Estape, Jordi},
   TITLE = {Neutralizing Gender Bias in Neural Machine Translation by Introducing Linguistic Knowledge}}
@INPROCEEDINGS{WiNLP-012,
   AUTHOR = {Ben Rim, Wiem and Lawrence, Carolin and Gashteovski, Kiril and Niepert, Mathias and Okazaki, Naoaki},
   SORTNAME = {Ben Rim, Wiem and Lawrence, Carolin and Gashteovski, Kiril and Niepert, Mathias and Okazaki, Naoaki},
   TITLE = {Behavioral Testing of Knowledge Graph Embedding Models for Link Prediction}}
@INPROCEEDINGS{WiNLP-049,
   AUTHOR = {Gupta, Komal and Ghosal, Tirthankar},
   SORTNAME = {Gupta, Komal and Ghosal, Tirthankar},
   TITLE = {SciBERT-based Multitasking Deep Neural Architecture to identify Contribution Statements from Scientific articles}}
@INPROCEEDINGS{WiNLP-040,
   AUTHOR = {Vogel, Liane and Flek, Lucie},
   SORTNAME = {Vogel, Liane and Flek, Lucie},
   TITLE = {Automated Template Paraphrasing for Conversational Assistants}}
@INPROCEEDINGS{WiNLP-013,
   AUTHOR = {Hadi, Naeem Uddin},
   SORTNAME = {Hadi, Naeem Uddin},
   TITLE = {Developing Language Technology and NLP tools for endangered languages: Torwali}}
@INPROCEEDINGS{WiNLP-014,
   AUTHOR = {QueerInAI, Organizers of and Pranav, A and Bleile, MaryLena and Subramonian, Arjun and Soldaini, Luca and Sutherland, Danica and Weber, Sabine and Xu, Pan},
   SORTNAME = {QueerInAI, Organizers of and Pranav, A and Bleile, MaryLena and Subramonian, Arjun and Soldaini, Luca and Sutherland, Danica and Weber, Sabine and Xu, Pan},
   TITLE = {How to Make Virtual Conferences Queer-Friendly: A Guide}}
@INPROCEEDINGS{WiNLP-022,
   AUTHOR = {Hämäläinen, Mika and Alnajjar, Khalid},
   SORTNAME = {Hamalainen, Mika and Alnajjar, Khalid},
   TITLE = {Developing Keyboards for the Endangered Livonian Language}}
@INPROCEEDINGS{WiNLP-025,
   AUTHOR = {Sakhrani, Harsh and Parekh, Saloni and Mahajan, Shubham},
   SORTNAME = {Sakhrani, Harsh and Parekh, Saloni and Mahajan, Shubham},
   TITLE = {Coral: An Approach for Conversational Agents in Mental Health Applications}}
