@INPROCEEDINGS{ci+nlp-011,
   AUTHOR = {Tierney, Graham and Volfovsky, Alexander},
   SORTNAME = {Tierney, Graham and Volfovsky, Alexander},
   TITLE = {Sensitivity Analysis for Causal Mediation through Text: an Application to Political Polarization}}
@INPROCEEDINGS{ci+nlp-007,
   AUTHOR = {Wang, Zhao and Shu, Kai and Culotta, Aron},
   SORTNAME = {Wang, Zhao and Shu, Kai and Culotta, Aron},
   TITLE = {Enhancing Model Robustness and Fairness with Causality: A Regularization Approach}}
@INPROCEEDINGS{ci+nlp-008,
   AUTHOR = {Fytas, Panagiotis and Rizos, Georgios and Specia, Lucia},
   SORTNAME = {Fytas, Panagiotis and Rizos, Georgios and Specia, Lucia},
   TITLE = {What Makes a Scientific Paper be Accepted for Publication?}}
@INPROCEEDINGS{ci+nlp-004,
   AUTHOR = {Keith, Katherine and Rice, Douglas and O'Connor, Brendan},
   SORTNAME = {Keith, Katherine and Rice, Douglas and O'Connor, Brendan},
   TITLE = {Text as Causal Mediators: Research Design for Causal Estimates of Differential Treatment of Social Groups via Language Aspects}}
@INPROCEEDINGS{ci+nlp-015,
   AUTHOR = {Low, Daniel and Zuromski, Kelly and Kessler, Daniel and Ghosh, Satrajit S. and Nock, Matthew K. and Dempsey, Walter},
   SORTNAME = {Low, Daniel and Zuromski, Kelly and Kessler, Daniel and Ghosh, Satrajit S. and Nock, Matthew K. and Dempsey, Walter},
   TITLE = {It's quality and quantity: the effect of the amount of comments on online suicidal posts}}
@INPROCEEDINGS{ci+nlp-003,
   AUTHOR = {Tan, Fiona Anting and Hazarika, Devamanyu and Ng, See-Kiong and Poria, Soujanya and Zimmermann, Roger},
   SORTNAME = {Tan, Fiona Anting and Hazarika, Devamanyu and Ng, See-Kiong and Poria, Soujanya and Zimmermann, Roger},
   TITLE = {Causal Augmentation for Causal Sentence Classification}}
@INPROCEEDINGS{ci+nlp-013,
   AUTHOR = {Founta, Antigoni and Specia, Lucia},
   SORTNAME = {Founta, Antigoni and Specia, Lucia},
   TITLE = {A Survey of Online Hate Speech through the Causal Lens}}
@INPROCEEDINGS{ci+nlp-014,
   AUTHOR = {Glenski, Maria and Volkova, Svitlana},
   SORTNAME = {Glenski, Maria and Volkova, Svitlana},
   TITLE = {Identifying Causal Influences on Publication Trends and Behavior: A Case Study of the Computational Linguistics Community}}
