@INPROCEEDINGS{vsm-nlp-011,
   AUTHOR = {Fonseca, Erick and Aluísio, Sandra},
   SORTNAME = {Fonseca, Erick and Aluisio, Sandra},
   TITLE = {A Deep Architecture for Non-Projective Dependency Parsing}}
@INPROCEEDINGS{vsm-nlp-012,
   AUTHOR = {Xu, Jiaming and Wang, Peng and Tian, Guanhua and Xu, Bo and Zhao, Jun and Wang, Fangyuan and Hao, Hongwei},
   SORTNAME = {Xu, Jiaming and Wang, Peng and Tian, Guanhua and Xu, Bo and Zhao, Jun and Wang, Fangyuan and Hao, Hongwei},
   TITLE = {Short Text Clustering via Convolutional Neural Networks}}
@INPROCEEDINGS{vsm-nlp-013,
   AUTHOR = {Del Tredici, Marco and Bel, Núria},
   SORTNAME = {Del Tredici, Marco and Bel, Nuria},
   TITLE = {A Word-Embedding-based Sense Index for Regular Polysemy Representation}}
@INPROCEEDINGS{vsm-nlp-014,
   AUTHOR = {Stratos, Karl and Collins, Michael},
   SORTNAME = {Stratos, Karl and Collins, Michael},
   TITLE = {Simple Semi-Supervised POS Tagging}}
@INPROCEEDINGS{vsm-nlp-015,
   AUTHOR = {Liu, Ji and Inkpen, Diana},
   SORTNAME = {Liu, Ji and Inkpen, Diana},
   TITLE = {Estimating User Location in Social Media with Stacked Denoising Auto-encoders}}
@INPROCEEDINGS{vsm-nlp-016,
   AUTHOR = {Bansal, Mohit},
   SORTNAME = {Bansal, Mohit},
   TITLE = {Dependency Link Embeddings: Continuous Representations of Syntactic Substructures}}
@INPROCEEDINGS{vsm-nlp-017,
   AUTHOR = {Attardi, Giuseppe},
   SORTNAME = {Attardi, Giuseppe},
   TITLE = {DeepNL: a Deep Learning NLP pipeline}}
@INPROCEEDINGS{vsm-nlp-018,
   AUTHOR = {Garten, Justin and Sagae, Kenji and Ustun, Volkan and Dehghani, Morteza},
   SORTNAME = {Garten, Justin and Sagae, Kenji and Ustun, Volkan and Dehghani, Morteza},
   TITLE = {Combining Distributed Vector Representations for Words}}
@INPROCEEDINGS{vsm-nlp-019,
   AUTHOR = {Alghunaim, Abdulaziz and Mohtarami, Mitra and Cyphers, Scott and Glass, Jim},
   SORTNAME = {Alghunaim, Abdulaziz and Mohtarami, Mitra and Cyphers, Scott and Glass, Jim},
   TITLE = {A Vector Space Approach for Aspect Based Sentiment Analysis}}
@INPROCEEDINGS{vsm-nlp-002,
   AUTHOR = {Melamud, Oren and Levy, Omer and Dagan, Ido},
   SORTNAME = {Melamud, Oren and Levy, Omer and Dagan, Ido},
   TITLE = {A Simple Word Embedding Model for Lexical Substitution}}
@INPROCEEDINGS{vsm-nlp-020,
   AUTHOR = {Tosik, Melanie and Lygteskov Hansen, Carsten and Goossen, Gerard and Rotaru, Mihai},
   SORTNAME = {Tosik, Melanie and Lygteskov Hansen, Carsten and Goossen, Gerard and Rotaru, Mihai},
   TITLE = {Word Embeddings vs Word Types for Sequence Labeling: the Curious Case of CV Parsing}}
@INPROCEEDINGS{vsm-nlp-021,
   AUTHOR = {Nicolai, Garrett and Cherry, Colin and Kondrak, Grzegorz},
   SORTNAME = {Nicolai, Garrett and Cherry, Colin and Kondrak, Grzegorz},
   TITLE = {Morpho-syntactic Regularities in Continuous Word Representations: A multilingual study.}}
@INPROCEEDINGS{vsm-nlp-022,
   AUTHOR = {Singh, Sameer and Rocktäschel, Tim and Riedel, Sebastian},
   SORTNAME = {Singh, Sameer and Rocktaschel, Tim and Riedel, Sebastian},
   TITLE = {Towards Combined Matrix and Tensor Factorization for Universal Schema Relation Extraction}}
@INPROCEEDINGS{vsm-nlp-023,
   AUTHOR = {Kim, Joo-Kyung and de Marneffe, Marie-Catherine and Fosler-Lussier, Eric},
   SORTNAME = {Kim, Joo-Kyung and de Marneffe, Marie-Catherine and Fosler-Lussier, Eric},
   TITLE = {Neural word embeddings with multiplicative feature interactions for tensor-based compositions}}
@INPROCEEDINGS{vsm-nlp-024,
   AUTHOR = {Luong, Thang and Pham, Hieu and Manning, Christopher D.},
   SORTNAME = {Luong, Thang and Pham, Hieu and Manning, Christopher D.},
   TITLE = {Bilingual Word Representations with Monolingual Quality in Mind}}
@INPROCEEDINGS{vsm-nlp-025,
   AUTHOR = {Pham, Hieu and Luong, Thang and Manning, Christopher},
   SORTNAME = {Pham, Hieu and Luong, Thang and Manning, Christopher},
   TITLE = {Learning Distributed Representations for Multilingual Text Sequences}}
@INPROCEEDINGS{vsm-nlp-026,
   AUTHOR = {Joshi, Mahesh and Hart, Ethan and Vogel, Mirko and Ruvini, Jean-David},
   SORTNAME = {Joshi, Mahesh and Hart, Ethan and Vogel, Mirko and Ruvini, Jean-David},
   TITLE = {Distributed Word Representations Improve NER for e-Commerce}}
@INPROCEEDINGS{vsm-nlp-027,
   AUTHOR = {Chen, Jiaqiang and de Melo, Gerard},
   SORTNAME = {Chen, Jiaqiang and de Melo, Gerard},
   TITLE = {Semantic Information Extraction for Improved Word Embeddings}}
@INPROCEEDINGS{vsm-nlp-028,
   AUTHOR = {Zirikly, Ayah and Diab, Mona},
   SORTNAME = {Zirikly, Ayah and Diab, Mona},
   TITLE = {Named Entity Recognition for Arabic Social Media}}
@INPROCEEDINGS{vsm-nlp-029,
   AUTHOR = {Conroy, John and Davis, Sashka},
   SORTNAME = {Conroy, John and Davis, Sashka},
   TITLE = {Vector Space Models for Scientific Document Summarization}}
@INPROCEEDINGS{vsm-nlp-003,
   AUTHOR = {Rangarajan Sridhar, Vivek Kumar},
   SORTNAME = {Rangarajan Sridhar, Vivek Kumar},
   TITLE = {Unsupervised Text Normalization Using Distributed Representations of Words and Phrases}}
@INPROCEEDINGS{vsm-nlp-004,
   AUTHOR = {Rangarajan Sridhar, Vivek Kumar},
   SORTNAME = {Rangarajan Sridhar, Vivek Kumar},
   TITLE = {Unsupervised Topic Modeling for Short Texts Using Distributed Representations of Words}}
@INPROCEEDINGS{vsm-nlp-005,
   AUTHOR = {Zelaia, Ana and Arregi, Olatz and Sierra, Basilio},
   SORTNAME = {Zelaia, Ana and Arregi, Olatz and Sierra, Basilio},
   TITLE = {A Multi-classifier Approach to support Coreference Resolution in a Vector Space Model}}
@INPROCEEDINGS{vsm-nlp-006,
   AUTHOR = {Kågebäck, Mikael and Johansson, Fredrik and Johansson, Richard and Dubhashi, Devdatt},
   SORTNAME = {Kageback, Mikael and Johansson, Fredrik and Johansson, Richard and Dubhashi, Devdatt},
   TITLE = {Neural context embeddings for automatic discovery of word senses}}
@INPROCEEDINGS{vsm-nlp-007,
   AUTHOR = {Ma, Chenglong and Xu, Weiqun and Li, Peijia and Yan, Yonghong},
   SORTNAME = {Ma, Chenglong and Xu, Weiqun and Li, Peijia and Yan, Yonghong},
   TITLE = {Distributional Representations of Words for Short Text Classification}}
@INPROCEEDINGS{vsm-nlp-008,
   AUTHOR = {Nguyen, Thien Huu and Grishman, Ralph},
   SORTNAME = {Nguyen, Thien Huu and Grishman, Ralph},
   TITLE = {Relation Extraction: Perspective from Convolutional Neural Networks}}
@INPROCEEDINGS{vsm-nlp-009,
   AUTHOR = {Urbain, Jay and Bushee, Glenn and Kowalski, George},
   SORTNAME = {Urbain, Jay and Bushee, Glenn and Kowalski, George},
   TITLE = {Distributional Semantic Concept Models for Entity Relation Discovery}}
