@INPROCEEDINGS{ssst-9-001,
   AUTHOR = {Deng, Dun and Xue, Nianwen and Guo, Shiman},
   SORTNAME = {Deng, Dun and Xue, Nianwen and Guo, Shiman},
   TITLE = {Harmonizing word alignments and syntactic structures for extracting phrasal translation equivalents}}
@INPROCEEDINGS{ssst-9-010,
   AUTHOR = {Salameh, Mohammad and Cherry, Colin and Kondrak, Grzegorz},
   SORTNAME = {Salameh, Mohammad and Cherry, Colin and Kondrak, Grzegorz},
   TITLE = {What Matters Most in Morphologically Segmented SMT Models?}}
@INPROCEEDINGS{ssst-9-011,
   AUTHOR = {Wu, Shumin and Palmer, Martha},
   SORTNAME = {Wu, Shumin and Palmer, Martha},
   TITLE = {Improving Chinese-English PropBank Alignment}}
@INPROCEEDINGS{ssst-9-012,
   AUTHOR = {Miceli Barone, Antonio Valerio},
   SORTNAME = {Miceli Barone, Antonio Valerio},
   TITLE = {Translation reranking using source phrase dependency features}}
@INPROCEEDINGS{ssst-9-013,
   AUTHOR = {Vanallemeersch, Tom and Vandeghinste, Vincent},
   SORTNAME = {Vanallemeersch, Tom and Vandeghinste, Vincent},
   TITLE = {Semantics-based pretranslation for SMT using fuzzy matches}}
@INPROCEEDINGS{ssst-9-002,
   AUTHOR = {Apidianaki, Marianna and Marie, Benjamin},
   SORTNAME = {Apidianaki, Marianna and Marie, Benjamin},
   TITLE = {METEOR-WSD: Improved Sense Matching in MT Evaluation}}
@INPROCEEDINGS{ssst-9-003,
   AUTHOR = {Miceli Barone, Antonio Valerio and Attardi, Giuseppe},
   SORTNAME = {Miceli Barone, Antonio Valerio and Attardi, Giuseppe},
   TITLE = {Non-projective Dependency-based Pre-Reordering with Recurrent Neural Network for Machine Translation}}
@INPROCEEDINGS{ssst-9-004,
   AUTHOR = {Fancellu, Federico and Webber, Bonnie},
   SORTNAME = {Fancellu, Federico and Webber, Bonnie},
   TITLE = {Translating Negation: Induction, Search And Model Errors}}
@INPROCEEDINGS{ssst-9-005,
   AUTHOR = {Artetxe, Mikel and Agirre, Eneko and Alegria, IÃ±aki and Labaka, Gorka},
   SORTNAME = {Artetxe, Mikel and Agirre, Eneko and Alegria, Inaki and Labaka, Gorka},
   TITLE = {Analyzing English-Spanish Named-Entity enhanced Machine Translation}}
@INPROCEEDINGS{ssst-9-006,
   AUTHOR = {Weller, Marion and Fraser, Alexander and Schulte im Walde, Sabine},
   SORTNAME = {Weller, Marion and Fraser, Alexander and Schulte im Walde, Sabine},
   TITLE = {Predicting Prepositions for SMT}}
@INPROCEEDINGS{ssst-9-007,
   AUTHOR = {Aminian, Maryam and Ghoneim, Mahmoud and Diab, Mona},
   SORTNAME = {Aminian, Maryam and Ghoneim, Mahmoud and Diab, Mona},
   TITLE = {Unsupervised False Friend Disambiguation Using Contextual Word Clusters and Parallel Word Alignments}}
@INPROCEEDINGS{ssst-9-009,
   AUTHOR = {Aranberri, Nora},
   SORTNAME = {Aranberri, Nora},
   TITLE = {SMT error analysis and mapping to syntactic, semantic and structural fixes}}
