@INPROCEEDINGS{insights-035,
   AUTHOR = {Zhou, Yangqiaoyu and Tan, Chenhao},
   SORTNAME = {Zhou, Yangqiaoyu and Tan, Chenhao},
   TITLE = {Investigating the Effect of Natural Language Explanations on Out-of-Distribution Generalization in Few-shot NLI}}
@INPROCEEDINGS{insights-034,
   AUTHOR = {Guillou, Liane and Bijl de Vroe, Sander and Johnson, Mark and Steedman, Mark},
   SORTNAME = {Guillou, Liane and Bijl de Vroe, Sander and Johnson, Mark and Steedman, Mark},
   TITLE = {Blindness to Modality Helps Entailment Graph Mining}}
@INPROCEEDINGS{insights-033,
   AUTHOR = {Saravani, Sina Mahdipour and Banerjee, Ritwik and Ray, Indrakshi},
   SORTNAME = {Saravani, Sina Mahdipour and Banerjee, Ritwik and Ray, Indrakshi},
   TITLE = {{A}n {I}nvestigation into the {C}ontribution of {L}ocally {A}ggregated {D}escriptors to {F}igurative {L}anguage {I}dentification}}
@INPROCEEDINGS{insights-027,
   AUTHOR = {Bogoychev, Nikolay and Chen, Pinzhen},
   SORTNAME = {Bogoychev, Nikolay and Chen, Pinzhen},
   TITLE = {The Highs and Lows of Simple Lexical Domain Adaptation Approaches for Neural Machine Translation}}
@INPROCEEDINGS{insights-011,
   AUTHOR = {Park, Seongmin and Lee, Jihwa},
   SORTNAME = {Park, Seongmin and Lee, Jihwa},
   TITLE = {Finetuning Pretrained Transformers into Variational Autoencoders}}
@INPROCEEDINGS{insights-029,
   AUTHOR = {Liu, Ling and Hulden, Mans},
   SORTNAME = {Liu, Ling and Hulden, Mans},
   TITLE = {Backtranslation in Neural Morphological Inflection}}
@INPROCEEDINGS{insights-016,
   AUTHOR = {Weber, Sabine and Steedman, Mark},
   SORTNAME = {Weber, Sabine and Steedman, Mark},
   TITLE = {Zero-Shot Cross-Lingual Transfer is a Hard Baseline to Beat in German Fine-Grained Entity Typing}}
@INPROCEEDINGS{insights-006,
   AUTHOR = {park, chanjun and Park, Sungjin and Lee, Seolhwa and Whang, Taesun and Lim, Heuiseok},
   SORTNAME = {park, chanjun and Park, Sungjin and Lee, Seolhwa and Whang, Taesun and Lim, Heuiseok},
   TITLE = {Two Heads are Better than One? Verification of Ensemble Effect in Neural Machine Translation}}
@INPROCEEDINGS{insights-017,
   AUTHOR = {Bansal, Sameer and Benton, Adrian},
   SORTNAME = {Bansal, Sameer and Benton, Adrian},
   TITLE = {Comparing Euclidean and Hyperbolic Embeddings on the WordNet Nouns Hypernymy Graph}}
@INPROCEEDINGS{insights-001,
   AUTHOR = {İrsoy, Ozan and Benton, Adrian and Stratos, Karl},
   SORTNAME = {Irsoy, Ozan and Benton, Adrian and Stratos, Karl},
   TITLE = {Corrected CBOW Performs as well as Skip-gram}}
@INPROCEEDINGS{insights-019,
   AUTHOR = {Zhu, Qi and Gu, Yuxian and Luo, Lingxiao and Li, Bing and LI, Cheng and Peng, Wei and Huang, Minlie and Zhu, Xiaoyan},
   SORTNAME = {Zhu, Qi and Gu, Yuxian and Luo, Lingxiao and Li, Bing and LI, Cheng and Peng, Wei and Huang, Minlie and Zhu, Xiaoyan},
   TITLE = {When does Further Pre-training MLM Help? An Empirical Study on Task-Oriented Dialog Pre-training}}
@INPROCEEDINGS{insights-038,
   AUTHOR = {Felhi, Ghazi and Le Roux, Joseph and Seddah, Djamé},
   SORTNAME = {Felhi, Ghazi and Le Roux, Joseph and Seddah, Djame},
   TITLE = {Challenging the Semi-Supervised VAE Framework for Text Classification}}
@INPROCEEDINGS{insights-036,
   AUTHOR = {Bhargava, Prajjwal and Drozd, Aleksandr and Rogers, Anna},
   SORTNAME = {Bhargava, Prajjwal and Drozd, Aleksandr and Rogers, Anna},
   TITLE = {Generalization in NLI: Ways (Not) To Go Beyond Simple Heuristics}}
@INPROCEEDINGS{insights-030,
   AUTHOR = {Chopard, Daphné and Treder, Matthias S. and Spasić, Irena},
   SORTNAME = {Chopard, Daphne and Treder, Matthias S. and Spasic, Irena},
   TITLE = {Learning Data Augmentation Schedules for Natural Language Processing}}
@INPROCEEDINGS{insights-024,
   AUTHOR = {Sanabria, Ramon and Tang, Hao and Goldwater, Sharon},
   SORTNAME = {Sanabria, Ramon and Tang, Hao and Goldwater, Sharon},
   TITLE = {On the Difficulty of Segmenting Words with Attention}}
@INPROCEEDINGS{insights-004,
   AUTHOR = {Maronikolakis, Antonis and Dufter, Philipp and Schütze, Hinrich},
   SORTNAME = {Maronikolakis, Antonis and Dufter, Philipp and Schutze, Hinrich},
   TITLE = {BERT Cannot Align Characters}}
@INPROCEEDINGS{insights-003,
   AUTHOR = {Basu Roy Chowdhury, Somnath and Chaturvedi, Snigdha},
   SORTNAME = {Basu Roy Chowdhury, Somnath and Chaturvedi, Snigdha},
   TITLE = {Does Commonsense help in detecting Sarcasm?}}
@INPROCEEDINGS{insights-040,
   AUTHOR = {Kees, Nataliia and Fromm, Michael and Faerman, Evgeniy and Seidl, Thomas},
   SORTNAME = {Kees, Nataliia and Fromm, Michael and Faerman, Evgeniy and Seidl, Thomas},
   TITLE = {Active Learning for Argument Strength Estimation}}
@INPROCEEDINGS{insights-014,
   AUTHOR = {Tang, Zixin and Mitra, Prasenjit and Reitter, David},
   SORTNAME = {Tang, Zixin and Mitra, Prasenjit and Reitter, David},
   TITLE = {Are BERTs Sensitive to Native Interference in L2 Production?}}
@INPROCEEDINGS{insights-022,
   AUTHOR = {Rosendahl, Jan and Herold, Christian and Petrick, Frithjof and Ney, Hermann},
   SORTNAME = {Rosendahl, Jan and Herold, Christian and Petrick, Frithjof and Ney, Hermann},
   TITLE = {Recurrent Attention for the Transformer}}
