@INPROCEEDINGS{blackbox-092,
   AUTHOR = {Liétard, Bastien and Abdou, Mostafa and Søgaard, Anders},
   SORTNAME = {Lietard, Bastien and Abdou, Mostafa and Søgaard, Anders},
   TITLE = {Do Language Models Know the Way to Rome?}}
@INPROCEEDINGS{blackbox-066,
   AUTHOR = {Bogoychev, Nikolay},
   SORTNAME = {Bogoychev, Nikolay},
   TITLE = {Not all parameters are born equal: Attention is mostly what you need}}
@INPROCEEDINGS{blackbox-032,
   AUTHOR = {Yadav, Rohan Kumar and Jiao, Lei and Granmo, Ole-Christoffer and Goodwin, Morten},
   SORTNAME = {Yadav, Rohan Kumar and Jiao, Lei and Granmo, Ole-Christoffer and Goodwin, Morten},
   TITLE = {Enhancing Interpretable Clauses Semantically using Pretrained Word Representation}}
@INPROCEEDINGS{blackbox-069,
   AUTHOR = {Fayyaz, Mohsen and Aghazadeh, Ehsan and Modarressi, Ali and Mohebbi, Hosein and Pilehvar, Mohammad Taher},
   SORTNAME = {Fayyaz, Mohsen and Aghazadeh, Ehsan and Modarressi, Ali and Mohebbi, Hosein and Pilehvar, Mohammad Taher},
   TITLE = {Not All Models Localize Linguistic Knowledge in the Same Place: A Layer-wise Probing on BERToids' Representations}}
@INPROCEEDINGS{blackbox-056,
   AUTHOR = {Prasad, Grusha and Nie, Yixin and Bansal, Mohit and Jia, Robin and Kiela, Douwe and Williams, Adina},
   SORTNAME = {Prasad, Grusha and Nie, Yixin and Bansal, Mohit and Jia, Robin and Kiela, Douwe and Williams, Adina},
   TITLE = {To what extent do human explanations of model behavior align with actual model behavior?}}
@INPROCEEDINGS{blackbox-051,
   AUTHOR = {Wisniewski, Guillaume and Zhu, Lichao and Bailler, Nicolas and Yvon, François},
   SORTNAME = {Wisniewski, Guillaume and Zhu, Lichao and Bailler, Nicolas and Yvon, Francois},
   TITLE = {Screening Gender Transfer in Neural Machine Translation}}
@INPROCEEDINGS{blackbox-060,
   AUTHOR = {Yanaka, Hitomi and Mineshima, Koji},
   SORTNAME = {Yanaka, Hitomi and Mineshima, Koji},
   TITLE = {Assessing the Generalization Capacity of Pre-trained Language Models through Japanese Adversarial Natural Language Inference}}
@INPROCEEDINGS{blackbox-018,
   AUTHOR = {Tanti, Marc and van der Plas, Lonneke and Borg, Claudia and Gatt, Albert},
   SORTNAME = {Tanti, Marc and van der Plas, Lonneke and Borg, Claudia and Gatt, Albert},
   TITLE = {On the Language-specificity of Multilingual BERT and the Impact of Fine-tuning}}
@INPROCEEDINGS{blackbox-007,
   AUTHOR = {Norlund, Tobias and Hagström, Lovisa and Johansson, Richard},
   SORTNAME = {Norlund, Tobias and Hagstrom, Lovisa and Johansson, Richard},
   TITLE = {Transferring Knowledge from Vision to Language: How to Achieve it and how to Measure it?}}
@INPROCEEDINGS{blackbox-042,
   AUTHOR = {Talukdar, Arka and Dagar, Monika and Gupta, Prachi and Menon, Varun},
   SORTNAME = {Talukdar, Arka and Dagar, Monika and Gupta, Prachi and Menon, Varun},
   TITLE = {Training Dynamic based data filtering may not work for NLP datasets}}
@INPROCEEDINGS{blackbox-087,
   AUTHOR = {Xie, Zhouhang and Brophy, Jonathan and Noack, Adam and You, Wencong and Asthana, Kalyani and Perkins, Carter and Reis, Sabrina and Hammoudeh, Zayd and Lowd, Daniel and Singh, Sameer},
   SORTNAME = {Xie, Zhouhang and Brophy, Jonathan and Noack, Adam and You, Wencong and Asthana, Kalyani and Perkins, Carter and Reis, Sabrina and Hammoudeh, Zayd and Lowd, Daniel and Singh, Sameer},
   TITLE = {What Models Know About Their Attackers: Deriving Attacker Information From Latent Representations}}
@INPROCEEDINGS{blackbox-074,
   AUTHOR = {Thukral, Shivin and Kukreja, Kunal and Kavouras, Christian},
   SORTNAME = {Thukral, Shivin and Kukreja, Kunal and Kavouras, Christian},
   TITLE = {Probing Language Models for Understanding of Temporal Expressions}}
@INPROCEEDINGS{blackbox-006,
   AUTHOR = {Chaabouni, Rahma and Dessì, Roberto and Kharitonov, Eugene},
   SORTNAME = {Chaabouni, Rahma and Dessi, Roberto and Kharitonov, Eugene},
   TITLE = {Can Transformers Jump Around Right in Natural Language? Assessing Performance Transfer from SCAN}}
@INPROCEEDINGS{blackbox-010,
   AUTHOR = {Higy, Bertrand and Gelderloos, Lieke and Alishahi, Afra and Chrupała, Grzegorz},
   SORTNAME = {Higy, Bertrand and Gelderloos, Lieke and Alishahi, Afra and Chrupała, Grzegorz},
   TITLE = {Discrete representations in neural models of spoken language}}
@INPROCEEDINGS{blackbox-075,
   AUTHOR = {Abdullah, Badr and Zaitova, Iuliia and Avgustinova, Tania and Möbius, Bernd and Klakow, Dietrich},
   SORTNAME = {Abdullah, Badr and Zaitova, Iuliia and Avgustinova, Tania and Mobius, Bernd and Klakow, Dietrich},
   TITLE = {How Familiar Does That Sound? Cross-Lingual Representational Similarity Analysis of Acoustic Word Embeddings}}
@INPROCEEDINGS{blackbox-081,
   AUTHOR = {Samadi, Anahita and banerjee, debapriya and Nilizadeh, Shirin},
   SORTNAME = {Samadi, Anahita and banerjee, debapriya and Nilizadeh, Shirin},
   TITLE = {Attacks against Ranking Algorithms with Text Embeddings: {A} Case Study on Recruitment Algorithms}}
@INPROCEEDINGS{blackbox-044,
   AUTHOR = {Kanashiro Pereira, Lis and Taya, Yuki and Kobayashi, Ichiro},
   SORTNAME = {Kanashiro Pereira, Lis and Taya, Yuki and Kobayashi, Ichiro},
   TITLE = {Multi-Layer Random Perturbation Training for improving Model Generalization Efficiently}}
@INPROCEEDINGS{blackbox-065,
   AUTHOR = {Kunz, Jenny and Kuhlmann, Marco},
   SORTNAME = {Kunz, Jenny and Kuhlmann, Marco},
   TITLE = {Test Harder than You Train: Probing with Extrapolation Splits}}
@INPROCEEDINGS{blackbox-100,
   AUTHOR = {Gessler, Luke and Schneider, Nathan},
   SORTNAME = {Gessler, Luke and Schneider, Nathan},
   TITLE = {BERT Has Uncommon Sense: Similarity Ranking for Word Sense BERTology}}
@INPROCEEDINGS{blackbox-098,
   AUTHOR = {Oba, Daisuke and Yoshinaga, Naoki and Toyoda, Masashi},
   SORTNAME = {Oba, Daisuke and Yoshinaga, Naoki and Toyoda, Masashi},
   TITLE = {Exploratory Model Analysis Using Data-Driven Neuron Representations}}
@INPROCEEDINGS{blackbox-030,
   AUTHOR = {Wu, Qinxuan and Ettinger, Allyson},
   SORTNAME = {Wu, Qinxuan and Ettinger, Allyson},
   TITLE = {Variation and generality in encoding of syntactic anomaly information in sentence embeddings}}
@INPROCEEDINGS{blackbox-039,
   AUTHOR = {Hanna, Michael and Mareček, David},
   SORTNAME = {Hanna, Michael and Marecek, David},
   TITLE = {Analyzing BERT's Knowledge of Hypernymy via Prompting}}
@INPROCEEDINGS{blackbox-099,
   AUTHOR = {Phang, Jason and Liu, Haokun and Bowman, Samuel R.},
   SORTNAME = {Phang, Jason and Liu, Haokun and Bowman, Samuel R.},
   TITLE = {Fine-Tuned Transformers Show Clusters of Similar Representations Across Layers}}
@INPROCEEDINGS{blackbox-052,
   AUTHOR = {Kumar, Ayush and Narayanan Sundararaman, Mukuntha and Vepa, Jithendra},
   SORTNAME = {Kumar, Ayush and Narayanan Sundararaman, Mukuntha and Vepa, Jithendra},
   TITLE = {What BERT Based Language Model Learns in Spoken Transcripts: An Empirical Study}}
@INPROCEEDINGS{blackbox-063,
   AUTHOR = {Dobreva, Radina and Keller, Frank},
   SORTNAME = {Dobreva, Radina and Keller, Frank},
   TITLE = {Investigating Negation in Pre-trained Vision-and-language Models}}
@INPROCEEDINGS{blackbox-079,
   AUTHOR = {Bagherzadeh, Parsa and Bergler, Sabine},
   SORTNAME = {Bagherzadeh, Parsa and Bergler, Sabine},
   TITLE = {Interacting Knowledge Sources, Inspection and Analysis: Case-studies on Biomedical text processing}}
@INPROCEEDINGS{blackbox-041,
   AUTHOR = {Fancellu, Federico and Xiao, Lan and Jepson, Allan and Fazly, Afsaneh},
   SORTNAME = {Fancellu, Federico and Xiao, Lan and Jepson, Allan and Fazly, Afsaneh},
   TITLE = {An in-depth look at Euclidean disk embeddings for structure preserving parsing}}
@INPROCEEDINGS{blackbox-083,
   AUTHOR = {Vamvas, Jannis and Sennrich, Rico},
   SORTNAME = {Vamvas, Jannis and Sennrich, Rico},
   TITLE = {On the Limits of Minimal Pairs in Contrastive Evaluation}}
@INPROCEEDINGS{blackbox-077,
   AUTHOR = {Sinha, Sanchit and Chen, Hanjie and Sekhon, Arshdeep and Ji, Yangfeng and Qi, Yanjun},
   SORTNAME = {Sinha, Sanchit and Chen, Hanjie and Sekhon, Arshdeep and Ji, Yangfeng and Qi, Yanjun},
   TITLE = {Perturbing Inputs for Fragile Interpretations in Deep Natural Language Processing}}
@INPROCEEDINGS{blackbox-084,
   AUTHOR = {Vázquez Martínez, Héctor},
   SORTNAME = {Vazquez Martinez, Hector},
   TITLE = {The Acceptability Delta Criterion: Testing Knowledge of Language using the Gradience of Sentence Acceptability}}
@INPROCEEDINGS{blackbox-024,
   AUTHOR = {Aina, Laura and Linzen, Tal},
   SORTNAME = {Aina, Laura and Linzen, Tal},
   TITLE = {The Language Model Understood the Prompt was Ambiguous: Probing Syntactic Uncertainty Through Generation}}
@INPROCEEDINGS{blackbox-023,
   AUTHOR = {Schwarzenberg, Robert and Feldhus, Nils and Möller, Sebastian},
   SORTNAME = {Schwarzenberg, Robert and Feldhus, Nils and Moller, Sebastian},
   TITLE = {Efficient Explanations from Empirical Explainers}}
@INPROCEEDINGS{blackbox-015,
   AUTHOR = {Wang, Minghan and Jiaxin, GUO and Wang, Yuxia and Chen, Yimeng and Chang, Su and Shang, Hengchao and Zhang, Min and Tao, Shimin and Yang, Hao},
   SORTNAME = {Wang, Minghan and Jiaxin, GUO and Wang, Yuxia and Chen, Yimeng and Chang, Su and Shang, Hengchao and Zhang, Min and Tao, Shimin and Yang, Hao},
   TITLE = {How Length Prediction Influence the Performance of Non-Autoregressive Translation?}}
@INPROCEEDINGS{blackbox-012,
   AUTHOR = {Templeton, Adly},
   SORTNAME = {Templeton, Adly},
   TITLE = {Word Equations: Inherently Interpretable Sparse Word Embeddings through Sparse Coding}}
@INPROCEEDINGS{blackbox-085,
   AUTHOR = {Jiang, Zhiying and Tang, Raphael and Xin, Ji and Lin, Jimmy},
   SORTNAME = {Jiang, Zhiying and Tang, Raphael and Xin, Ji and Lin, Jimmy},
   TITLE = {How Does BERT Rerank Passages? An Attribution Analysis with Information Bottlenecks}}
@INPROCEEDINGS{blackbox-071,
   AUTHOR = {Ryskina, Maria and Knight, Kevin},
   SORTNAME = {Ryskina, Maria and Knight, Kevin},
   TITLE = {Learning Mathematical Properties of Integers}}
@INPROCEEDINGS{blackbox-082,
   AUTHOR = {Sorodoc, Ionut-Teodor and Boleda, Gemma and Baroni, Marco},
   SORTNAME = {Sorodoc, Ionut-Teodor and Boleda, Gemma and Baroni, Marco},
   TITLE = {Controlled tasks for model analysis: Retrieving discrete information from sequences}}
@INPROCEEDINGS{blackbox-078,
   AUTHOR = {Stevens, Samuel and Su, Yu},
   SORTNAME = {Stevens, Samuel and Su, Yu},
   TITLE = {An Investigation of Language Model Interpretability via Sentence Editing}}
@INPROCEEDINGS{blackbox-002,
   AUTHOR = {Apidianaki, Marianna and Garí Soler, Aina},
   SORTNAME = {Apidianaki, Marianna and Gari Soler, Aina},
   TITLE = {ALL Dolphins Are Intelligent and SOME Are Friendly: Probing BERT for Nouns' Semantic Properties and their Prototypicality}}
@INPROCEEDINGS{blackbox-013,
   AUTHOR = {Schuff, Hendrik and Yang, Hsiu-Yu and Adel, Heike and Vu, Ngoc Thang},
   SORTNAME = {Schuff, Hendrik and Yang, Hsiu-Yu and Adel, Heike and Vu, Ngoc Thang},
   TITLE = {Does External Knowledge Help Explainable Natural Language Inference? Automatic Evaluation vs. Human Ratings}}
@INPROCEEDINGS{blackbox-005,
   AUTHOR = {Masis, Tessa and Anderson, Carolyn},
   SORTNAME = {Masis, Tessa and Anderson, Carolyn},
   TITLE = {ProSPer: Probing Human and Neural Network Language Model Understanding of Spatial Perspective}}
@INPROCEEDINGS{blackbox-014,
   AUTHOR = {Pedinotti, Paolo and Di Palma, Eliana and Cerini, Ludovica and Lenci, Alessandro},
   SORTNAME = {Pedinotti, Paolo and Di Palma, Eliana and Cerini, Ludovica and Lenci, Alessandro},
   TITLE = {A howling success or a working sea? Testing what BERT knows about metaphors}}
@INPROCEEDINGS{blackbox-022,
   AUTHOR = {Chiang, Ting-Rui and Chen, Yun-Nung},
   SORTNAME = {Chiang, Ting-Rui and Chen, Yun-Nung},
   TITLE = {Relating Neural Text Degeneration to Exposure Bias}}
