@INPROCEEDINGS{socialnlp-001,
   AUTHOR = {Awamura, Takashi and Kawahara, Daisuke and Aramaki, Eiji and Shibata, Tomohide and Kurohashi, Sadao},
   SORTNAME = {Awamura, Takashi and Kawahara, Daisuke and Aramaki, Eiji and Shibata, Tomohide and Kurohashi, Sadao},
   TITLE = {Location Name Disambiguation Exploiting Spatial Proximity and Temporal Consistency}}
@INPROCEEDINGS{socialnlp-002,
   AUTHOR = {Wang, Pidong and Bojja, Nikhil and Kannan, Shivasankari},
   SORTNAME = {Wang, Pidong and Bojja, Nikhil and Kannan, Shivasankari},
   TITLE = {A Language Detection System for Short Chats in Mobile Games}}
@INPROCEEDINGS{socialnlp-005,
   AUTHOR = {Bracewell, David},
   SORTNAME = {Bracewell, David},
   TITLE = {Long Nights, Rainy Days, and Misspent Youth: Automatically Extracting and Categorizing Occasions Associated with Consumer Products.}}
@INPROCEEDINGS{socialnlp-007,
   AUTHOR = {Vo, Ngoc Phuoc An and Magnolini, Simone and Popescu, Octavian},
   SORTNAME = {Vo, Ngoc Phuoc An and Magnolini, Simone and Popescu, Octavian},
   TITLE = {Paraphrase Identification and Semantic Similarity in Twitter with Simple Features}}
@INPROCEEDINGS{socialnlp-008,
   AUTHOR = {Riemer, Matthew and Krasikov, Sophia and Srinivasan, Harini},
   SORTNAME = {Riemer, Matthew and Krasikov, Sophia and Srinivasan, Harini},
   TITLE = {A Deep Learning and Knowledge Transfer Based Architecture for Social Media User Characteristic Determination}}
