@INPROCEEDINGS{mrqa-020,
   AUTHOR = {Faisal, Fahim and Anastasopoulos, Antonios},
   SORTNAME = {Faisal, Fahim and Anastasopoulos, Antonios},
   TITLE = {Investigating Post-pretraining Representation Alignment for Cross-Lingual Question Answering}}
@INPROCEEDINGS{mrqa-018,
   AUTHOR = {Liu, Chi-Liang and Lee, Hung-yi},
   SORTNAME = {Liu, Chi-Liang and Lee, Hung-yi},
   TITLE = {Unsupervised Multiple Choices Question Answering: Start Learning from Basic Knowledge}}
@INPROCEEDINGS{mrqa-011,
   AUTHOR = {Yang, Ziqing and Ma, Wentao and Cui, Yiming and Ye, Jiani and Che, Wanxiang and Wang, Shijin},
   SORTNAME = {Yang, Ziqing and Ma, Wentao and Cui, Yiming and Ye, Jiani and Che, Wanxiang and Wang, Shijin},
   TITLE = {Bilingual Alignment Pre-Training for Zero-Shot Cross-Lingual Transfer}}
@INPROCEEDINGS{mrqa-007,
   AUTHOR = {Summers-Stay, Douglas and Bonial, Claire and Voss, Clare},
   SORTNAME = {Summers-Stay, Douglas and Bonial, Claire and Voss, Clare},
   TITLE = {What Can a Generative Language Model Answer About a Passage?}}
@INPROCEEDINGS{mrqa-006,
   AUTHOR = {Shinoda, Kazutoshi and Sugawara, Saku and Aizawa, Akiko},
   SORTNAME = {Shinoda, Kazutoshi and Sugawara, Saku and Aizawa, Akiko},
   TITLE = {Can Question Generation Debias Question Answering Models? A Case Study on Question---Context Lexical Overlap}}
@INPROCEEDINGS{mrqa-010,
   AUTHOR = {Mao, Andrew and Raman, Naveen and Shu, Matthew and Li, Eric and Yang, Franklin and Boyd-Graber, Jordan},
   SORTNAME = {Mao, Andrew and Raman, Naveen and Shu, Matthew and Li, Eric and Yang, Franklin and Boyd-Graber, Jordan},
   TITLE = {Eliciting Bias in Question Answering Models through Ambiguity}}
@INPROCEEDINGS{mrqa-019,
   AUTHOR = {Carlsson, Fredrik and Sahlgren, Magnus and Olsson, Fredrik and Cuba Gyllensten, Amaru},
   SORTNAME = {Carlsson, Fredrik and Sahlgren, Magnus and Olsson, Fredrik and Cuba Gyllensten, Amaru},
   TITLE = {GANDALF: a General Character Name Description Dataset for Long Fiction}}
@INPROCEEDINGS{mrqa-008,
   AUTHOR = {Kostić, Bogdan and Risch, Julian and Möller, Timo},
   SORTNAME = {Kostic, Bogdan and Risch, Julian and Moller, Timo},
   TITLE = {Multi-modal Retrieval of Tables and Texts Using Tri-encoder Models}}
@INPROCEEDINGS{mrqa-021,
   AUTHOR = {De Bruyn, Maxime and Lotfi, Ehsan and Buhmann, Jeska and Daelemans, Walter},
   SORTNAME = {De Bruyn, Maxime and Lotfi, Ehsan and Buhmann, Jeska and Daelemans, Walter},
   TITLE = {MFAQ: a Multilingual FAQ Dataset}}
@INPROCEEDINGS{mrqa-024,
   AUTHOR = {Balachandran, Vidhisha and Vaswani, Ashish and Tsvetkov, Yulia and Parmar, Niki},
   SORTNAME = {Balachandran, Vidhisha and Vaswani, Ashish and Tsvetkov, Yulia and Parmar, Niki},
   TITLE = {Simple and Efficient ways to Improve REALM}}
@INPROCEEDINGS{mrqa-004,
   AUTHOR = {Möller, Timo and Risch, Julian and Pietsch, Malte},
   SORTNAME = {Moller, Timo and Risch, Julian and Pietsch, Malte},
   TITLE = {GermanQuAD and GermanDPR: Improving Non-English Question Answering and Passage Retrieval}}
@INPROCEEDINGS{mrqa-002,
   AUTHOR = {Fajcik, Martin and Jon, Josef and Smrz, Pavel},
   SORTNAME = {Fajcik, Martin and Jon, Josef and Smrz, Pavel},
   TITLE = {Rethinking the Objectives of Extractive Question Answering}}
@INPROCEEDINGS{mrqa-013,
   AUTHOR = {Keren, Omri and Levy, Omer},
   SORTNAME = {Keren, Omri and Levy, Omer},
   TITLE = {ParaShoot: A Hebrew Question Answering Dataset}}
@INPROCEEDINGS{mrqa-005,
   AUTHOR = {Ghassemi Toudeshki, Farnaz and Jolivet, Philippe and Durand-Salmon, Alexandre and Liednikova, Anna},
   SORTNAME = {Ghassemi Toudeshki, Farnaz and Jolivet, Philippe and Durand-Salmon, Alexandre and Liednikova, Anna},
   TITLE = {Zero-Shot Clinical Questionnaire Filling From Human-Machine Interactions}}
@INPROCEEDINGS{mrqa-014,
   AUTHOR = {Kell, Gregory and Marshall, Iain and Wallace, Byron and Jaun, Andre},
   SORTNAME = {Kell, Gregory and Marshall, Iain and Wallace, Byron and Jaun, Andre},
   TITLE = {What Would it Take to get Biomedical QA Systems into Practice?}}
@INPROCEEDINGS{mrqa-022,
   AUTHOR = {Risch, Julian and Möller, Timo and Gutsch, Julian and Pietsch, Malte},
   SORTNAME = {Risch, Julian and Moller, Timo and Gutsch, Julian and Pietsch, Malte},
   TITLE = {Semantic Answer Similarity for Evaluating Question Answering Models}}
