@INPROCEEDINGS{semeval-001,
   AUTHOR = {Salaberri, Haritz and Arregi, Olatz and Zapirain, Beñat},
   SORTNAME = {Salaberri, Haritz and Arregi, Olatz and Zapirain, Benat},
   TITLE = {IXAGroupEHUSpaceEval: (X-Space) A WordNet-based approach towards the Automatic Recognition of Spatial Information following the ISO-Space Annotation Scheme}}
@INPROCEEDINGS{semeval-010,
   AUTHOR = {Toh, Zhiqiang and Su, Jian},
   SORTNAME = {Toh, Zhiqiang and Su, Jian},
   TITLE = {NLANGP: Supervised Machine Learning System for Aspect Category Classification and Opinion Target Extraction}}
@INPROCEEDINGS{semeval-100,
   AUTHOR = {Satyapanich, Taneeya and Gao, Hang and Finin, Tim},
   SORTNAME = {Satyapanich, Taneeya and Gao, Hang and Finin, Tim},
   TITLE = {Ebiquity: Paraphrase and Semantic Similarity in Twitter using Skipgrams}}
@INPROCEEDINGS{semeval-101,
   AUTHOR = {Hänig, Christian and Remus, Robert and de la Puente, Xose},
   SORTNAME = {Hanig, Christian and Remus, Robert and de la Puente, Xose},
   TITLE = {ExB Themis: Extensive Feature Extraction from Word Alignments for Semantic Textual Similarity}}
@INPROCEEDINGS{semeval-103,
   AUTHOR = {Xu, Wei and Callison-Burch, Chris and Dolan, Bill},
   SORTNAME = {Xu, Wei and Callison-Burch, Chris and Dolan, Bill},
   TITLE = {SemEval-2015 Task 1: Paraphrase and Semantic Similarity in Twitter (PIT)}}
@INPROCEEDINGS{semeval-104,
   AUTHOR = {Uzdilli, Fatih and Jaggi, Martin and Egger, Dominic and Julmy, Pascal and Derczynski, Leon and Cieliebak, Mark},
   SORTNAME = {Uzdilli, Fatih and Jaggi, Martin and Egger, Dominic and Julmy, Pascal and Derczynski, Leon and Cieliebak, Mark},
   TITLE = {Swiss-Chocolate: Combining Flipout Regularization and Random Forests with Artificially Built Subsystems to Boost Text-Classification for Sentiment}}
@INPROCEEDINGS{semeval-105,
   AUTHOR = {Zampieri, Marcos and Ciobanu, Alina Maria and Niculae, Vlad and Dinu, Liviu P.},
   SORTNAME = {Zampieri, Marcos and Ciobanu, Alina Maria and Niculae, Vlad and Dinu, Liviu P.},
   TITLE = {AMBRA: A Ranking Approach to Temporal Text Classification}}
@INPROCEEDINGS{semeval-106,
   AUTHOR = {Bicici, Ergun},
   SORTNAME = {Bicici, Ergun},
   TITLE = {RTM-DCU: Predicting Semantic Similarity with Referential Translation Machines}}
@INPROCEEDINGS{semeval-107,
   AUTHOR = {Hassan, Basma and AbdelRahman, Samir and Bahgat, Reem},
   SORTNAME = {Hassan, Basma and AbdelRahman, Samir and Bahgat, Reem},
   TITLE = {FCICU: The Integration between Sense-Based Kernel and Surface-Based Methods to Measure Semantic Textual Similarity}}
@INPROCEEDINGS{semeval-108,
   AUTHOR = {Jaffe, Evan and Jin, Lifeng and King, David and van Schijndel, Marten},
   SORTNAME = {Jaffe, Evan and Jin, Lifeng and King, David and van Schijndel, Marten},
   TITLE = {AZMAT: Sentence Similarity Using Associative Matrices}}
@INPROCEEDINGS{semeval-109,
   AUTHOR = {McGillion, Sarah and Martínez Alonso, Héctor and Plank, Barbara},
   SORTNAME = {McGillion, Sarah and Martinez Alonso, Hector and Plank, Barbara},
   TITLE = {CPH: Sentiment analysis of Figurative Language on Twitter \#easypeasy \#not}}
@INPROCEEDINGS{semeval-011,
   AUTHOR = {Dong, Li and Wei, Furu and Yin, Yichun and Zhou, Ming and Xu, Ke},
   SORTNAME = {Dong, Li and Wei, Furu and Yin, Yichun and Zhou, Ming and Xu, Ke},
   TITLE = {Splusplus: A Feature-Rich Two-stage Classifier for Sentiment Analysis of Tweets}}
@INPROCEEDINGS{semeval-110,
   AUTHOR = {Pedersen, Ted},
   SORTNAME = {Pedersen, Ted},
   TITLE = {Duluth: Word Sense Discrimination in the Service of Lexicography}}
@INPROCEEDINGS{semeval-111,
   AUTHOR = {Zhang, Zhifei and Nie, Jian-Yun and Wang, Hongling},
   SORTNAME = {Zhang, Zhifei and Nie, Jian-Yun and Wang, Hongling},
   TITLE = {TJUdeM: A Combination Classifier for Aspect Category Detection and Sentiment Polarity Classification}}
@INPROCEEDINGS{semeval-112,
   AUTHOR = {Barbieri, Francesco and Ronzano, Francesco and Saggion, Horacio},
   SORTNAME = {Barbieri, Francesco and Ronzano, Francesco and Saggion, Horacio},
   TITLE = {UPF-taln: SemEval 2015 Tasks 10 and 11. Sentiment Analysis of Literal and Figurative Language in Twitter}}
@INPROCEEDINGS{semeval-113,
   AUTHOR = {Russo, Irene and Caselli, Tommaso and Strapparava, Carlo},
   SORTNAME = {Russo, Irene and Caselli, Tommaso and Strapparava, Carlo},
   TITLE = {SemEval-2015 Task 9: CLIPEval Implicit Polarity of Events}}
@INPROCEEDINGS{semeval-114,
   AUTHOR = {Basile, Pierpaolo and Caputo, Annalina and Semeraro, Giovanni},
   SORTNAME = {Basile, Pierpaolo and Caputo, Annalina and Semeraro, Giovanni},
   TITLE = {UNIBA: Combining Distributional Semantic Models and Sense Distribution for Multilingual All-Words Sense Disambiguation and Entity Linking}}
@INPROCEEDINGS{semeval-115,
   AUTHOR = {Banjade, Rajendra and Niraula, Nobal Bikram and Maharjan, Nabin and Rus, Vasile and Stefanescu, Dan and Lintean, Mihai and Gautam, Dipesh},
   SORTNAME = {Banjade, Rajendra and Niraula, Nobal Bikram and Maharjan, Nabin and Rus, Vasile and Stefanescu, Dan and Lintean, Mihai and Gautam, Dipesh},
   TITLE = {NeRoSim: A System for Measuring and Interpreting Semantic Textual Similarity}}
@INPROCEEDINGS{semeval-116,
   AUTHOR = {Eyecioglu, Asli and Keller, Bill},
   SORTNAME = {Eyecioglu, Asli and Keller, Bill},
   TITLE = {Twitter Paraphrase Identification with Simple Overlap Features and SVMs}}
@INPROCEEDINGS{semeval-117,
   AUTHOR = {Karanasou, Maria and Doulkeridis, Christos and Halkidi, Maria},
   SORTNAME = {Karanasou, Maria and Doulkeridis, Christos and Halkidi, Maria},
   TITLE = {DsUniPi: An SVM-based Approach for Sentiment Analysis of Figurative Language on Twitter}}
@INPROCEEDINGS{semeval-118,
   AUTHOR = {Mirza, Paramita and Minard, Anne-Lyse},
   SORTNAME = {Mirza, Paramita and Minard, Anne-Lyse},
   TITLE = {HLT-FBK: a Complete Temporal Processing System for QA TempEval}}
@INPROCEEDINGS{semeval-119,
   AUTHOR = {Amir, Silvio and Ling, Wang and Astudillo, Ramón and Martins, Bruno and Silva, Mario J. and Trancoso, Isabel},
   SORTNAME = {Amir, Silvio and Ling, Wang and Astudillo, Ramon and Martins, Bruno and Silva, Mario J. and Trancoso, Isabel},
   TITLE = {INESC-ID: A Regression Model for Large Scale Twitter Sentiment Lexicon Induction}}
@INPROCEEDINGS{semeval-012,
   AUTHOR = {Gomez, Helena and Vilariño, Darnes and Pinto, David and Sidorov, Grigori},
   SORTNAME = {Gomez, Helena and Vilarino, Darnes and Pinto, David and Sidorov, Grigori},
   TITLE = {CICBUAPnlp: Graph-Based Approach for Answer Selection in Community Question Answering Task}}
@INPROCEEDINGS{semeval-120,
   AUTHOR = {Plotnikova, Nataliia and Kohl, Micha and Volkert, Kevin and Evert, Stefan and Lerner, Andreas and Dykes, Natalie and Ermer, Heiko},
   SORTNAME = {Plotnikova, Nataliia and Kohl, Micha and Volkert, Kevin and Evert, Stefan and Lerner, Andreas and Dykes, Natalie and Ermer, Heiko},
   TITLE = {KLUEless: Polarity Classification and Association}}
@INPROCEEDINGS{semeval-121,
   AUTHOR = {Vo, Ngoc Phuoc An and Magnolini, Simone and Popescu, Octavian},
   SORTNAME = {Vo, Ngoc Phuoc An and Magnolini, Simone and Popescu, Octavian},
   TITLE = {FBK-HLT: An Application of Semantic Textual Similarity for Answer Selection in Community Question Answering}}
@INPROCEEDINGS{semeval-122,
   AUTHOR = {Han, Lushan and Martineau, Justin and Cheng, Doreen and Thomas, Christopher},
   SORTNAME = {Han, Lushan and Martineau, Justin and Cheng, Doreen and Thomas, Christopher},
   TITLE = {Samsung: Align-and-Differentiate Approach to Semantic Textual Similarity}}
@INPROCEEDINGS{semeval-123,
   AUTHOR = {Talbot, Ruth and Acheampong, Chloe and Wicentowski, Richard},
   SORTNAME = {Talbot, Ruth and Acheampong, Chloe and Wicentowski, Richard},
   TITLE = {SWASH: A Naive Bayes Classifier for Tweet Sentiment Identification}}
@INPROCEEDINGS{semeval-124,
   AUTHOR = {Wicentowski, Richard},
   SORTNAME = {Wicentowski, Richard},
   TITLE = {SWATCS65: Sentiment Classification Using an Ensemble of Class Projects}}
@INPROCEEDINGS{semeval-125,
   AUTHOR = {Alhessi, Yousef and Wicentowski, Richard},
   SORTNAME = {Alhessi, Yousef and Wicentowski, Richard},
   TITLE = {SWATAC: A Sentiment Analyzer using One-Vs-Rest Logistic Regression}}
@INPROCEEDINGS{semeval-126,
   AUTHOR = {Boag, William and Potash, Peter and Rumshisky, Anna},
   SORTNAME = {Boag, William and Potash, Peter and Rumshisky, Anna},
   TITLE = {TwitterHawk: A Feature Bucket Based Approach to Sentiment Analysis}}
@INPROCEEDINGS{semeval-127,
   AUTHOR = {Pustejovsky, James and Kordjamshidi, Parisa and Moens, Marie-Francine and Levine, Aaron and Dworman, Seth and Yocum, Zachary},
   SORTNAME = {Pustejovsky, James and Kordjamshidi, Parisa and Moens, Marie-Francine and Levine, Aaron and Dworman, Seth and Yocum, Zachary},
   TITLE = {SemEval-2015 Task 8: SpaceEval}}
@INPROCEEDINGS{semeval-128,
   AUTHOR = {Nakov, Preslav and Màrquez, Lluís and Magdy, Walid and Moschitti, Alessandro and Glass, Jim and Randeree, Bilal},
   SORTNAME = {Nakov, Preslav and Marquez, Lluis and Magdy, Walid and Moschitti, Alessandro and Glass, Jim and Randeree, Bilal},
   TITLE = {SemEval-2015 Task 3: Answer Selection in Community Question Answering}}
@INPROCEEDINGS{semeval-129,
   AUTHOR = {Agirre, Eneko and Gonzalez-Agirre, Aitor and Lopez-Gazpio, Inigo and Maritxalar, Montse and Rigau, German and Uria, Larraitz},
   SORTNAME = {Agirre, Eneko and Gonzalez-Agirre, Aitor and Lopez-Gazpio, Inigo and Maritxalar, Montse and Rigau, German and Uria, Larraitz},
   TITLE = {UBC: Cubes for English Semantic Textual Similarity and Supervised Approaches for Interpretable STS}}
@INPROCEEDINGS{semeval-013,
   AUTHOR = {Tan, Liling and Ordan, Noam},
   SORTNAME = {Tan, Liling and Ordan, Noam},
   TITLE = {USAAR-CHRONOS: Crawling the Web for Temporal Annotations}}
@INPROCEEDINGS{semeval-130,
   AUTHOR = {Yi, Liang and Wang, JianXiang and Lan, Man},
   SORTNAME = {Yi, Liang and Wang, JianXiang and Lan, Man},
   TITLE = {ECNU: Using Multiple Sources of CQA-based Information for Answers Selection and YES/NO Response Inference}}
@INPROCEEDINGS{semeval-131,
   AUTHOR = {Chikersal, Prerna and Poria, Soujanya and Cambria, Erik},
   SORTNAME = {Chikersal, Prerna and Poria, Soujanya and Cambria, Erik},
   TITLE = {SeNTU: Sentiment Analysis of Tweets by Combining a Rule-based Classifier with Supervised Learning}}
@INPROCEEDINGS{semeval-132,
   AUTHOR = {Karan, Mladen and Glavaš, Goran and Šnajder, Jan and Dalbelo Bašić, Bojana and Vulić, Ivan and Moens, Marie-Francine},
   SORTNAME = {Karan, Mladen and Glavas, Goran and Snajder, Jan and Dalbelo Basic, Bojana and Vulic, Ivan and Moens, Marie-Francine},
   TITLE = {TKLBLIIR: Detecting Twitter Paraphrases with TweetingJay}}
@INPROCEEDINGS{semeval-133,
   AUTHOR = {Zamanov, Ivan and Kraeva, Marina and Hateva, Nelly and Yovcheva, Ivana and Nikolova, Ivelina and Angelova, Galia},
   SORTNAME = {Zamanov, Ivan and Kraeva, Marina and Hateva, Nelly and Yovcheva, Ivana and Nikolova, Ivelina and Angelova, Galia},
   TITLE = {Voltron: A Hybrid System For Answer Validation Based On Lexical And Distance Features}}
@INPROCEEDINGS{semeval-134,
   AUTHOR = {Astudillo, Ramón and Amir, Silvio and Ling, Wang and Martins, Bruno and Silva, Mario J. and Trancoso, Isabel},
   SORTNAME = {Astudillo, Ramon and Amir, Silvio and Ling, Wang and Martins, Bruno and Silva, Mario J. and Trancoso, Isabel},
   TITLE = {INESC-ID: Sentiment Analysis without Hand-Coded Features or Linguistic Resources using Embedding Subspaces}}
@INPROCEEDINGS{semeval-135,
   AUTHOR = {Townsend, Richard and Tsakalidis, Adam and Zhou, Yiwei and Wang, Bo and Liakata, Maria and Zubiaga, Arkaitz and Cristea, Alexandra and Procter, Rob},
   SORTNAME = {Townsend, Richard and Tsakalidis, Adam and Zhou, Yiwei and Wang, Bo and Liakata, Maria and Zubiaga, Arkaitz and Cristea, Alexandra and Procter, Rob},
   TITLE = {WarwickDCS: From Phrase-Based to Target-Specific Sentiment Recognition}}
@INPROCEEDINGS{semeval-136,
   AUTHOR = {Karampatsis, Rafael - Michael},
   SORTNAME = {Karampatsis, Rafael - Michael},
   TITLE = {CDTDS: Predicting Paraphrases in Twitter via Support Vector Regression}}
@INPROCEEDINGS{semeval-137,
   AUTHOR = {Han, Xu and Li, Binyang and Ma, Jing and Zhang, Yuxiao and Ou, Gaoyan and Wang, Tengjiao and Wong, Kam-fai},
   SORTNAME = {Han, Xu and Li, Binyang and Ma, Jing and Zhang, Yuxiao and Ou, Gaoyan and Wang, Tengjiao and Wong, Kam-fai},
   TITLE = {UIR-PKU: Twitter-OpinMiner System for Sentiment Analysis in Twitter at SemEval 2015}}
@INPROCEEDINGS{semeval-139,
   AUTHOR = {Llorens, Hector and Chambers, Nathanael and UzZaman, Naushad and Mostafazadeh, Nasrin and Allen, James and Pustejovsky, James},
   SORTNAME = {Llorens, Hector and Chambers, Nathanael and UzZaman, Naushad and Mostafazadeh, Nasrin and Allen, James and Pustejovsky, James},
   TITLE = {SemEval-2015 Task 5: QA TempEval - Evaluating Temporal Information Understanding with Question Answering}}
@INPROCEEDINGS{semeval-014,
   AUTHOR = {Xu, Hongzhi and Santus, Enrico and Laszlo, Anna and Huang, Chu-Ren},
   SORTNAME = {Xu, Hongzhi and Santus, Enrico and Laszlo, Anna and Huang, Chu-Ren},
   TITLE = {LLT-PolyU: Identifying Sentiment Intensity in Ironic Tweets}}
@INPROCEEDINGS{semeval-140,
   AUTHOR = {D'Souza, Jennifer and Ng, Vincent},
   SORTNAME = {D'Souza, Jennifer and Ng, Vincent},
   TITLE = {UTD: Ensemble-Based Spatial Relation Extraction}}
@INPROCEEDINGS{semeval-141,
   AUTHOR = {Özdemir, Canberk and Bergler, Sabine},
   SORTNAME = {Ozdemir, Canberk and Bergler, Sabine},
   TITLE = {CLaC-SentiPipe: SemEval2015 Subtasks 10 B,E, and Task 11}}
@INPROCEEDINGS{semeval-142,
   AUTHOR = {Huynh, Nghia and Ho, Quoc},
   SORTNAME = {Huynh, Nghia and Ho, Quoc},
   TITLE = {TeamHCMUS: Analysis of Clinical Text}}
@INPROCEEDINGS{semeval-143,
   AUTHOR = {Hakala, Kai},
   SORTNAME = {Hakala, Kai},
   TITLE = {UTU: Adapting Biomedical Event Extraction System to Disorder Attribute Detection}}
@INPROCEEDINGS{semeval-144,
   AUTHOR = {Chernyshevich, Maryna and Stankevitch, Vadim},
   SORTNAME = {Chernyshevich, Maryna and Stankevitch, Vadim},
   TITLE = {IHS-RD-Belarus: Identification and Normalization of Disorder Concepts in Clinical Notes}}
@INPROCEEDINGS{semeval-145,
   AUTHOR = {Barzdins, Guntis and Paikens, Peteris and Gosko, Didzis},
   SORTNAME = {Barzdins, Guntis and Paikens, Peteris and Gosko, Didzis},
   TITLE = {Riga: from FrameNet to Semantic Frames with C6.0 Rules}}
@INPROCEEDINGS{semeval-146,
   AUTHOR = {Ghiasvand, Omid and Kate, Rohit},
   SORTNAME = {Ghiasvand, Omid and Kate, Rohit},
   TITLE = {UWM: A Simple Baseline Method for Identifying Attributes of Disease and Disorder Mentions in Clinical Text}}
@INPROCEEDINGS{semeval-147,
   AUTHOR = {Glavaš, Goran},
   SORTNAME = {Glavas, Goran},
   TITLE = {TAKELAB: Medical Information Extraction and Linking with MINERAL}}
@INPROCEEDINGS{semeval-148,
   AUTHOR = {Jonnagaddala, Jitendra and Liaw, Siaw-Teng and Ray, Pradeep and Kumar, Manish and Dai, Hong-Jie},
   SORTNAME = {Jonnagaddala, Jitendra and Liaw, Siaw-Teng and Ray, Pradeep and Kumar, Manish and Dai, Hong-Jie},
   TITLE = {TMUNSW: Identification of Disorders and Normalization to SNOMED-CT Terminology in Unstructured Clinical Notes}}
@INPROCEEDINGS{semeval-149,
   AUTHOR = {Doing-Harris, Kristina and Igo, Sean and Shi, Jianlin and Hurdle, John},
   SORTNAME = {Doing-Harris, Kristina and Igo, Sean and Shi, Jianlin and Hurdle, John},
   TITLE = {UtahPOET: Disorder Mention Identification and Context Slot Filling with Cognitive Inspiration}}
@INPROCEEDINGS{semeval-015,
   AUTHOR = {Dalmia, Ayushi and Gupta, Manish and Varma, Vasudeva},
   SORTNAME = {Dalmia, Ayushi and Gupta, Manish and Varma, Vasudeva},
   TITLE = {IIIT-H at SemEval 2015: Twitter Sentiment Analysis -- The Good, the Bad and the Neutral!}}
@INPROCEEDINGS{semeval-150,
   AUTHOR = {Leal, André and Martins, Bruno and Couto, Francisco},
   SORTNAME = {Leal, Andre and Martins, Bruno and Couto, Francisco},
   TITLE = {ULisboa: Recognition and Normalization of Medical Concepts}}
@INPROCEEDINGS{semeval-151,
   AUTHOR = {Alves, Ana and Simões, David and Oliveira, Hugo Gonçalo and Ferrugento, Adriana},
   SORTNAME = {Alves, Ana and Simoes, David and Oliveira, Hugo Goncalo and Ferrugento, Adriana},
   TITLE = {ASAP-II: From the Alignment of Phrases to Textual Similarity}}
@INPROCEEDINGS{semeval-152,
   AUTHOR = {Rosenthal, Sara and Nakov, Preslav and Kiritchenko, Svetlana and Mohammad, Saif and Ritter, Alan and Stoyanov, Veselin},
   SORTNAME = {Rosenthal, Sara and Nakov, Preslav and Kiritchenko, Svetlana and Mohammad, Saif and Ritter, Alan and Stoyanov, Veselin},
   TITLE = {SemEval-2015 Task 10: Sentiment Analysis in Twitter}}
@INPROCEEDINGS{semeval-153,
   AUTHOR = {Pathak, Parth and Patel, Pinal and Panchal, Vishal and Soni, Sagar and Dani, Kinjal and Patel, Amrish and Choudhary, Narayan},
   SORTNAME = {Pathak, Parth and Patel, Pinal and Panchal, Vishal and Soni, Sagar and Dani, Kinjal and Patel, Amrish and Choudhary, Narayan},
   TITLE = {ezDI: A Supervised NLP System for Clinical Narrative Analysis}}
@INPROCEEDINGS{semeval-154,
   AUTHOR = {Manion, Steve L.},
   SORTNAME = {Manion, Steve L.},
   TITLE = {SUDOKU: Treating Word Sense Disambiguation \& Entitiy Linking as a Deterministic Problem - via an Unsupervised \& Iterative Approach}}
@INPROCEEDINGS{semeval-155,
   AUTHOR = {Gung, James and Osborne, John and Bethard, Steven},
   SORTNAME = {Gung, James and Osborne, John and Bethard, Steven},
   TITLE = {CUAB: Supervised Learning of Disorders and their Attributes using Relations}}
@INPROCEEDINGS{semeval-156,
   AUTHOR = {Vu, Tu Thanh and Tran, Quan Hung and Pham, Son Bao},
   SORTNAME = {Vu, Tu Thanh and Tran, Quan Hung and Pham, Son Bao},
   TITLE = {TATO: Leveraging on Multiple Strategies for Semantic Textual Similarity}}
@INPROCEEDINGS{semeval-157,
   AUTHOR = {Matos, Sérgio and Sequeira, José and Oliveira, José Luís},
   SORTNAME = {Matos, Sergio and Sequeira, Jose and Oliveira, Jose Luis},
   TITLE = {BioinformaticsUA: Machine Learning and Rule-Based Recognition of Disorders and Clinical Attributes from Patient Notes}}
@INPROCEEDINGS{semeval-158,
   AUTHOR = {Popescu, Octavian and Strapparava, Carlo},
   SORTNAME = {Popescu, Octavian and Strapparava, Carlo},
   TITLE = {SemEval 2015, Task 7: Diachronic Text Evaluation}}
@INPROCEEDINGS{semeval-016,
   AUTHOR = {García Pablos, Aitor and Cuadros, Montse and Rigau, German},
   SORTNAME = {Garcia Pablos, Aitor and Cuadros, Montse and Rigau, German},
   TITLE = {V3: Unsupervised Aspect Based Sentiment Analysis for SemEval2015 Task 12}}
@INPROCEEDINGS{semeval-160,
   AUTHOR = {Agirre, Eneko and Banea, Carmen and Cardie, Claire and Cer, Daniel and Diab, Mona and Gonzalez-Agirre, Aitor and Guo, Weiwei and Lopez-Gazpio, Inigo and Maritxalar, Montse and Mihalcea, Rada and Rigau, German and Uria, Larraitz and Wiebe, Janyce},
   SORTNAME = {Agirre, Eneko and Banea, Carmen and Cardie, Claire and Cer, Daniel and Diab, Mona and Gonzalez-Agirre, Aitor and Guo, Weiwei and Lopez-Gazpio, Inigo and Maritxalar, Montse and Mihalcea, Rada and Rigau, German and Uria, Larraitz and Wiebe, Janyce},
   TITLE = {SemEval-2015 Task 2: Semantic Textual Similarity, English, Spanish and Pilot on Interpretability}}
@INPROCEEDINGS{semeval-161,
   AUTHOR = {Kanerva, Jenna and Luotolahti, Juhani and Ginter, Filip},
   SORTNAME = {Kanerva, Jenna and Luotolahti, Juhani and Ginter, Filip},
   TITLE = {Turku: Semantic Dependency Parsing as a Sequence Classification}}
@INPROCEEDINGS{semeval-162,
   AUTHOR = {Almeida, Mariana S. C. and Martins, André F. T.},
   SORTNAME = {Almeida, Mariana S. C. and Martins, Andre F. T.},
   TITLE = {Lisbon: Evaluating TurboSemanticParser on Multiple Languages and Out-of-Domain Data}}
@INPROCEEDINGS{semeval-163,
   AUTHOR = {Ben Abacha, Asma and Karanasiou, Aikaterini and Mrabet, Yassine and Dos Reis, Julio Cesar},
   SORTNAME = {Ben Abacha, Asma and Karanasiou, Aikaterini and Mrabet, Yassine and Dos Reis, Julio Cesar},
   TITLE = {LIST-LUX: Disorder Identification from Clinical Texts}}
@INPROCEEDINGS{semeval-164,
   AUTHOR = {Du, Yantao and Zhang, Fan and Zhang, Xun and Sun, Weiwei and Wan, Xiaojun},
   SORTNAME = {Du, Yantao and Zhang, Fan and Zhang, Xun and Sun, Weiwei and Wan, Xiaojun},
   TITLE = {Peking: Building Semantic Dependency Graphs with a Hybrid Parser}}
@INPROCEEDINGS{semeval-168,
   AUTHOR = {Oepen, Stephan and Kuhlmann, Marco and Miyao, Yusuke and Zeman, Daniel and Cinkova, Silvie and Flickinger, Dan and Hajic, Jan and Uresova, Zdenka},
   SORTNAME = {Oepen, Stephan and Kuhlmann, Marco and Miyao, Yusuke and Zeman, Daniel and Cinkova, Silvie and Flickinger, Dan and Hajic, Jan and Uresova, Zdenka},
   TITLE = {SemEval 2015 Task 18: Broad-Coverage Semantic Dependency Parsing}}
@INPROCEEDINGS{semeval-017,
   AUTHOR = {De Clercq, Orphee and Van de Kauter, Marjan and Lefever, Els and Hoste, Veronique},
   SORTNAME = {De Clercq, Orphee and Van de Kauter, Marjan and Lefever, Els and Hoste, Veronique},
   TITLE = {LT3: Applying Hybrid Terminology Extraction to Aspect-Based Sentiment Analysis}}
@INPROCEEDINGS{semeval-179,
   AUTHOR = {Rudzewitz, Björn and Ziai, Ramon},
   SORTNAME = {Rudzewitz, Bjorn and Ziai, Ramon},
   TITLE = {CoMiC: Adapting a Short Answer Assessment System for Answer Selection}}
@INPROCEEDINGS{semeval-018,
   AUTHOR = {Béchara, Hanna and Costa, Hernani and Taslimipoor, Shiva and Gupta, Rohit and Orasan, Constantin and Corpas Pastor, Gloria and Mitkov, Ruslan},
   SORTNAME = {Bechara, Hanna and Costa, Hernani and Taslimipoor, Shiva and Gupta, Rohit and Orasan, Constantin and Corpas Pastor, Gloria and Mitkov, Ruslan},
   TITLE = {MiniExperts: An SVM Approach for Measuring Semantic Textual Similarity}}
@INPROCEEDINGS{semeval-182,
   AUTHOR = {Collins, Riley and May, Daniel and Weinthal, Noah and Wicentowski, Richard},
   SORTNAME = {Collins, Riley and May, Daniel and Weinthal, Noah and Wicentowski, Richard},
   TITLE = {SWAT-CMW: Classification of Twitter Emotional Polarity using a Multiple-Classifier Decision Schema and Enhanced Emotion Tagging}}
@INPROCEEDINGS{semeval-184,
   AUTHOR = {Elhadad, Noémie and Pradhan, Sameer and Gorman, Sharon and Manandhar, Suresh and Chapman, Wendy and Savova, Guergana},
   SORTNAME = {Elhadad, Noemie and Pradhan, Sameer and Gorman, Sharon and Manandhar, Suresh and Chapman, Wendy and Savova, Guergana},
   TITLE = {SemEval-2015 Task 14: Analysis of Clinical Text}}
@INPROCEEDINGS{semeval-019,
   AUTHOR = {Tissot, Hegler and Gorrell, Genevieve and Roberts, Angus and Derczynski, Leon and Fabro, Marcos Didonet Del},
   SORTNAME = {Tissot, Hegler and Gorrell, Genevieve and Roberts, Angus and Derczynski, Leon and Fabro, Marcos Didonet Del},
   TITLE = {UFPRSheffield: Contrasting Rule-based and Support Vector Machine Approaches to Time Expression Identification in Clinical TempEval}}
@INPROCEEDINGS{semeval-002,
   AUTHOR = {Salaberri, Haritz and Salaberri, Iker and Arregi, Olatz and Zapirain, Beñat},
   SORTNAME = {Salaberri, Haritz and Salaberri, Iker and Arregi, Olatz and Zapirain, Benat},
   TITLE = {IXAGroupEHUDiac: A Multiple Approach System towards the Diachronic Evaluation of Texts}}
@INPROCEEDINGS{semeval-020,
   AUTHOR = {Kauer, Anderson and Moreira, Viviane},
   SORTNAME = {Kauer, Anderson and Moreira, Viviane},
   TITLE = {UFRGS: Identifying Categories and Targets in Customer Reviews}}
@INPROCEEDINGS{semeval-021,
   AUTHOR = {Ghosh, Aniruddha and Li, Guofu and Veale, Tony and Rosso, Paolo and Shutova, Ekaterina and Barnden, John and Reyes, Antonio},
   SORTNAME = {Ghosh, Aniruddha and Li, Guofu and Veale, Tony and Rosso, Paolo and Shutova, Ekaterina and Barnden, John and Reyes, Antonio},
   TITLE = {SemEval-2015 Task 11: Sentiment Analysis of Figurative Language in Twitter}}
@INPROCEEDINGS{semeval-022,
   AUTHOR = {Tan, Liling and Gupta, Rohit and van Genabith, Josef},
   SORTNAME = {Tan, Liling and Gupta, Rohit and van Genabith, Josef},
   TITLE = {USAAR-WLV: Hypernym Generation with Deep Neural Nets}}
@INPROCEEDINGS{semeval-023,
   AUTHOR = {Ceesay, Bamfa and Juan Hou, Wen},
   SORTNAME = {Ceesay, Bamfa and Juan Hou, Wen},
   TITLE = {NTNU: An Unsupervised Knowledge Approach for Taxonomy Extraction}}
@INPROCEEDINGS{semeval-024,
   AUTHOR = {Bertero, Dario and Fung, Pascale},
   SORTNAME = {Bertero, Dario and Fung, Pascale},
   TITLE = {HLTC-HKUST: A Neural Network Paraphrase Classifier using Translation Metrics, Semantic Roles and Lexical Similarity Features}}
@INPROCEEDINGS{semeval-025,
   AUTHOR = {Moulahi, Bilel and Strötgen, Jannik and Gertz, Michael and Tamine, Lynda},
   SORTNAME = {Moulahi, Bilel and Strotgen, Jannik and Gertz, Michael and Tamine, Lynda},
   TITLE = {HeidelToul: A Baseline Approach for Cross-document Event Ordering}}
@INPROCEEDINGS{semeval-026,
   AUTHOR = {Nicosia, Massimo and Filice, Simone and Barrón-Cedeño, Alberto and Saleh, Iman and Mubarak, Hamdy and Gao, Wei and Nakov, Preslav and Da San Martino, Giovanni and Moschitti, Alessandro and Darwish, Kareem and Màrquez, Lluís and Joty, Shafiq and Magdy, Walid},
   SORTNAME = {Nicosia, Massimo and Filice, Simone and Barron-Cedeno, Alberto and Saleh, Iman and Mubarak, Hamdy and Gao, Wei and Nakov, Preslav and Da San Martino, Giovanni and Moschitti, Alessandro and Darwish, Kareem and Marquez, Lluis and Joty, Shafiq and Magdy, Walid},
   TITLE = {QCRI: Answer Selection for Community Question Answering - Experiments for Arabic and English}}
@INPROCEEDINGS{semeval-027,
   AUTHOR = {Jiménez-Zafra, Salud M. and Martínez-Cámara, Eugenio and Martín-Valdivia, M. Teresa and Ureña López, L. Alfonso},
   SORTNAME = {Jimenez-Zafra, Salud M. and Martinez-Camara, Eugenio and Martin-Valdivia, M. Teresa and Urena Lopez, L. Alfonso},
   TITLE = {SINAI: Syntactic Approach for Aspect-Based Sentiment Analysis}}
@INPROCEEDINGS{semeval-028,
   AUTHOR = {Nguyen, Hoang Long and Nguyen, Trung Duc and Hwang, Dosam and Jung, Jason J.},
   SORTNAME = {Nguyen, Hoang Long and Nguyen, Trung Duc and Hwang, Dosam and Jung, Jason J.},
   TITLE = {KELabTeam: A Statistical Approach on Figurative Language Sentiment Analysis in Twitter}}
@INPROCEEDINGS{semeval-029,
   AUTHOR = {Ebert, Sebastian and Vu, Ngoc Thang and Schütze, Hinrich},
   SORTNAME = {Ebert, Sebastian and Vu, Ngoc Thang and Schutze, Hinrich},
   TITLE = {CIS-positive: A Combination of Convolutional Neural Networks and Support Vector Machines for Sentiment Analysis in Twitter}}
@INPROCEEDINGS{semeval-003,
   AUTHOR = {Sarker, Abeed and Nikfarjam, Azadeh and Weissenbacher, Davy and Gonzalez, Graciela},
   SORTNAME = {Sarker, Abeed and Nikfarjam, Azadeh and Weissenbacher, Davy and Gonzalez, Graciela},
   TITLE = {DIEGOLab: An Approach for Message-level Sentiment Classification in Twitter}}
@INPROCEEDINGS{semeval-030,
   AUTHOR = {Weissenborn, Dirk and Xu, Feiyu and Uszkoreit, Hans},
   SORTNAME = {Weissenborn, Dirk and Xu, Feiyu and Uszkoreit, Hans},
   TITLE = {DFKI: Multi-objective Optimization for the Joint Disambiguation of Entities and Nouns \& Deep Verb Sense Disambiguation}}
@INPROCEEDINGS{semeval-031,
   AUTHOR = {Dragoni, Mauro},
   SORTNAME = {Dragoni, Mauro},
   TITLE = {SHELLFBK: An Information Retrieval-based System For Multi-Domain Sentiment Analysis}}
@INPROCEEDINGS{semeval-032,
   AUTHOR = {Lefever, Els},
   SORTNAME = {Lefever, Els},
   TITLE = {LT3: A Multi-modular Approach to Automatic Taxonomy Construction}}
@INPROCEEDINGS{semeval-033,
   AUTHOR = {Bethard, Steven and Derczynski, Leon and Savova, Guergana and Pustejovsky, James and Verhagen, Marc},
   SORTNAME = {Bethard, Steven and Derczynski, Leon and Savova, Guergana and Pustejovsky, James and Verhagen, Marc},
   TITLE = {SemEval-2015 Task 6: Clinical TempEval}}
@INPROCEEDINGS{semeval-034,
   AUTHOR = {Fernández-Gavilanes, Milagros and Álvarez-López, Tamara and Juncal-Martínez, Jonathan and Costa-Montenegro, Enrique and González-Castaño, Francisco Javier},
   SORTNAME = {Fernandez-Gavilanes, Milagros and Alvarez-Lopez, Tamara and Juncal-Martinez, Jonathan and Costa-Montenegro, Enrique and Gonzalez-Castano, Francisco Javier},
   TITLE = {GTI: An Unsupervised Approach for Sentiment Analysis in Twitter}}
@INPROCEEDINGS{semeval-035,
   AUTHOR = {Cerezo-Costas, Héctor and Celix-Salgado, Diego},
   SORTNAME = {Cerezo-Costas, Hector and Celix-Salgado, Diego},
   TITLE = {Gradiant-Analytics: Training Polarity Shifters with CRFs for Message Level Polarity Detection}}
@INPROCEEDINGS{semeval-036,
   AUTHOR = {Ayetiran, Eniafe Festus and Boella, Guido},
   SORTNAME = {Ayetiran, Eniafe Festus and Boella, Guido},
   TITLE = {EBL-Hope: Multilingual Word Sense Disambiguation Using a Hybrid Knowledge-Based Technique}}
@INPROCEEDINGS{semeval-037,
   AUTHOR = {Hou, Yongshuai and Tan, Cong and Chen, Qingcai and Wang, Xiaolong},
   SORTNAME = {Hou, Yongshuai and Tan, Cong and Chen, Qingcai and Wang, Xiaolong},
   TITLE = {HITSZ-ICRC: An Integration Approach for QA TempEval Challenge}}
@INPROCEEDINGS{semeval-038,
   AUTHOR = {Belinkov, Yonatan and Mohtarami, Mitra and Cyphers, Scott and Glass, James},
   SORTNAME = {Belinkov, Yonatan and Mohtarami, Mitra and Cyphers, Scott and Glass, James},
   TITLE = {VectorSLU: A Continuous Word Vector Approach to Answer Selection in Community Question Answering Systems}}
@INPROCEEDINGS{semeval-039,
   AUTHOR = {Grefenstette, Gregory},
   SORTNAME = {Grefenstette, Gregory},
   TITLE = {INRIASAC: Simple Hypernym Extraction Methods}}
@INPROCEEDINGS{semeval-004,
   AUTHOR = {Liu, Yang and Sun, Chengjie and Lin, Lei and Wang, Xiaolong},
   SORTNAME = {Liu, Yang and Sun, Chengjie and Lin, Lei and Wang, Xiaolong},
   TITLE = {yiGou: A Semantic Text Similarity Computing System Based on SVM}}
@INPROCEEDINGS{semeval-040,
   AUTHOR = {Vo, Ngoc Phuoc An and Magnolini, Simone and Popescu, Octavian},
   SORTNAME = {Vo, Ngoc Phuoc An and Magnolini, Simone and Popescu, Octavian},
   TITLE = {FBK-HLT: An Effective System for Paraphrase Identification and Semantic Similarity in Twitter}}
@INPROCEEDINGS{semeval-041,
   AUTHOR = {Vo, Ngoc Phuoc An and Magnolini, Simone and Popescu, Octavian},
   SORTNAME = {Vo, Ngoc Phuoc An and Magnolini, Simone and Popescu, Octavian},
   TITLE = {FBK-HLT: A New Framework for Semantic Textual Similarity}}
@INPROCEEDINGS{semeval-042,
   AUTHOR = {Karumuri, Sakethram and Vuggumudi, Viswanadh Kumar Reddy and Chitirala, Sai Charan Raj},
   SORTNAME = {Karumuri, Sakethram and Vuggumudi, Viswanadh Kumar Reddy and Chitirala, Sai Charan Raj},
   TITLE = {UMDuluth-BlueTeam: SVCSTS - A Multilingual and Chunk Level Semantic Similarity System}}
@INPROCEEDINGS{semeval-043,
   AUTHOR = {Plotnikova, Nataliia and Lapesa, Gabriella and Proisl, Thomas and Evert, Stefan},
   SORTNAME = {Plotnikova, Nataliia and Lapesa, Gabriella and Proisl, Thomas and Evert, Stefan},
   TITLE = {SemantiKLUE: Semantic Textual Similarity with Maximum Weight Matching}}
@INPROCEEDINGS{semeval-044,
   AUTHOR = {Zhao, Jiang and Lan, Man},
   SORTNAME = {Zhao, Jiang and Lan, Man},
   TITLE = {ECNU: Leveraging Word Embeddings to Boost Performance for Paraphrase in Twitter}}
@INPROCEEDINGS{semeval-045,
   AUTHOR = {Zhao, Jiang and Lan, Man and Tian, Jun Feng},
   SORTNAME = {Zhao, Jiang and Lan, Man and Tian, Jun Feng},
   TITLE = {ECNU: Using Traditional Similarity Measurements and Word Embedding for Semantic Textual Similarity Estimation}}
@INPROCEEDINGS{semeval-046,
   AUTHOR = {Li, Peijia and Xu, Weiqun and Ma, Chenglong and Sun, Jia and Yan, Yonghong},
   SORTNAME = {Li, Peijia and Xu, Weiqun and Ma, Chenglong and Sun, Jia and Yan, Yonghong},
   TITLE = {IOA: Improving SVM Based Sentiment Classification Through Post Processing}}
@INPROCEEDINGS{semeval-047,
   AUTHOR = {Liang, Huizhi and Fothergill, Richard and Baldwin, Timothy},
   SORTNAME = {Liang, Huizhi and Fothergill, Richard and Baldwin, Timothy},
   TITLE = {RoseMerry: A Baseline Message-level Sentiment Classification System}}
@INPROCEEDINGS{semeval-048,
   AUTHOR = {Mills, Chad and Levow, Gina-Anne},
   SORTNAME = {Mills, Chad and Levow, Gina-Anne},
   TITLE = {CMILLS: Adapting Semantic Role Labeling Features to Dependency Parsing}}
@INPROCEEDINGS{semeval-049,
   AUTHOR = {Zhang, Zhihua and Lan, Man},
   SORTNAME = {Zhang, Zhihua and Lan, Man},
   TITLE = {ECNU: Extracting Effective Features from Multiple Sequential Sentences for Target-dependent Sentiment Analysis in Reviews}}
@INPROCEEDINGS{semeval-005,
   AUTHOR = {Navarro, Borja and Saquete, Estela},
   SORTNAME = {Navarro, Borja and Saquete, Estela},
   TITLE = {GPLSIUA: Combining Temporal Information and Topic Modeling for Cross-Document Event Ordering}}
@INPROCEEDINGS{semeval-050,
   AUTHOR = {Hassanzadeh, Hamed and Groza, Tudor and Nguyen, Anthony and Hunter, Jane},
   SORTNAME = {Hassanzadeh, Hamed and Groza, Tudor and Nguyen, Anthony and Hunter, Jane},
   TITLE = {UQeResearch: Semantic Textual Similarity Quantification}}
@INPROCEEDINGS{semeval-051,
   AUTHOR = {Castillo, Esteban and Cervantes, Ofelia and Vilariño, Darnes and Báez, David and Sánchez, Alfredo},
   SORTNAME = {Castillo, Esteban and Cervantes, Ofelia and Vilarino, Darnes and Baez, David and Sanchez, Alfredo},
   TITLE = {UDLAP: Sentiment Analysis Using a Graph-Based Representation}}
@INPROCEEDINGS{semeval-052,
   AUTHOR = {Zhang, Zhihua and Wu, Guoshun and Lan, Man},
   SORTNAME = {Zhang, Zhihua and Wu, Guoshun and Lan, Man},
   TITLE = {ECNU: Multi-level Sentiment Analysis on Twitter Using Traditional Linguistic Features and Word Embedding Features}}
@INPROCEEDINGS{semeval-053,
   AUTHOR = {Repaka, Ravikanth and Pallelra, Ranga Reddy and Koppula, Akshay Reddy and Movva, Venkata Subhash},
   SORTNAME = {Repaka, Ravikanth and Pallelra, Ranga Reddy and Koppula, Akshay Reddy and Movva, Venkata Subhash},
   TITLE = {UMDuluth-CS8761-12: A Novel Machine Learning Approach for Aspect Based Sentiment Analysis}}
@INPROCEEDINGS{semeval-054,
   AUTHOR = {Zhou, Xiaoqiang and Hu, Baotian and Lin, Jiaxin and xiang, Yang and Wang, Xiaolong},
   SORTNAME = {Zhou, Xiaoqiang and Hu, Baotian and Lin, Jiaxin and xiang, Yang and Wang, Xiaolong},
   TITLE = {ICRC-HIT: A Deep Learning based Comment Sequence Labeling System for Answer Selection Challenge}}
@INPROCEEDINGS{semeval-055,
   AUTHOR = {Miura, Naoko and Takagi, Tomohiro},
   SORTNAME = {Miura, Naoko and Takagi, Tomohiro},
   TITLE = {WSL: Sentence Similarity Using Semantic Distance Between Words}}
@INPROCEEDINGS{semeval-056,
   AUTHOR = {Velupillai, Sumithra and Mowery, Danielle L and Abdelrahman, Samir and Christensen, Lee and Chapman, Wendy},
   SORTNAME = {Velupillai, Sumithra and Mowery, Danielle L and Abdelrahman, Samir and Christensen, Lee and Chapman, Wendy},
   TITLE = {BluLab: Temporal Information Extraction for the 2015 Clinical TempEval Challenge}}
@INPROCEEDINGS{semeval-057,
   AUTHOR = {San Vicente, Iñaki and Saralegi, Xabier and Agerri, Rodrigo},
   SORTNAME = {San Vicente, Inaki and Saralegi, Xabier and Agerri, Rodrigo},
   TITLE = {EliXa: A Modular and Flexible ABSA Platform}}
@INPROCEEDINGS{semeval-058,
   AUTHOR = {Tran, Quan Hung and Tran, Vu and Vu, Tu and Nguyen, Minh and Bao Pham, Son},
   SORTNAME = {Tran, Quan Hung and Tran, Vu and Vu, Tu and Nguyen, Minh and Bao Pham, Son},
   TITLE = {JAIST: Combining multiple features for Answer Selection in Community Question Answering}}
@INPROCEEDINGS{semeval-059,
   AUTHOR = {van der Goot, Rob and van Noord, Gertjan},
   SORTNAME = {van der Goot, Rob and van Noord, Gertjan},
   TITLE = {ROB: Using Semantic Meaning to Recognize Paraphrases}}
@INPROCEEDINGS{semeval-006,
   AUTHOR = {Tan, Liling and Scarton, Carolina and Specia, Lucia and van Genabith, Josef},
   SORTNAME = {Tan, Liling and Scarton, Carolina and Specia, Lucia and van Genabith, Josef},
   TITLE = {USAAR-SHEFFIELD: Semantic Textual Similarity with Deep Regression and Machine Translation Evaluation Metrics}}
@INPROCEEDINGS{semeval-060,
   AUTHOR = {Baisa, Vít and Bradbury, Jane and Cinkova, Silvie and El Maarouf, Ismail and Kilgarriff, Adam and Popescu, Octavian},
   SORTNAME = {Baisa, Vit and Bradbury, Jane and Cinkova, Silvie and El Maarouf, Ismail and Kilgarriff, Adam and Popescu, Octavian},
   TITLE = {SemEval-2015 Task 15: A CPA dictionary-entry-building task}}
@INPROCEEDINGS{semeval-061,
   AUTHOR = {Postma, Marten and Izquierdo, Ruben and Vossen, Piek},
   SORTNAME = {Postma, Marten and Izquierdo, Ruben and Vossen, Piek},
   TITLE = {VUA-background : When to Use Background Information to Perform Word Sense Disambiguation}}
@INPROCEEDINGS{semeval-062,
   AUTHOR = {Hamdan, Hussam and Bellot, Patrice and Bechet, Frederic},
   SORTNAME = {Hamdan, Hussam and Bellot, Patrice and Bechet, Frederic},
   TITLE = {Lsislif: Feature Extraction and Label Weighting for Sentiment Analysis in Twitter}}
@INPROCEEDINGS{semeval-063,
   AUTHOR = {Van Hee, Cynthia and Lefever, Els and Hoste, Veronique},
   SORTNAME = {Van Hee, Cynthia and Lefever, Els and Hoste, Veronique},
   TITLE = {LT3: Sentiment Analysis of Figurative Tweets: piece of cake \#NotReally}}
@INPROCEEDINGS{semeval-064,
   AUTHOR = {Gupta, Parth and Gómez, Jon Ander},
   SORTNAME = {Gupta, Parth and Gomez, Jon Ander},
   TITLE = {PRHLT: Combination of Deep Autoencoders with Classification and Regression Techniques for SemEval-2015 Task 11}}
@INPROCEEDINGS{semeval-065,
   AUTHOR = {Espinosa Anke, Luis and Saggion, Horacio and Ronzano, Francesco},
   SORTNAME = {Espinosa Anke, Luis and Saggion, Horacio and Ronzano, Francesco},
   TITLE = {TALN-UPF: Taxonomy Learning Exploiting CRF-Based Hypernym Extraction on Encyclopedic Definitions}}
@INPROCEEDINGS{semeval-066,
   AUTHOR = {Cleuziou, Guillaume and Buscaldi, Davide and Dias, Gaël and Levorato, Vincent and Largeron, Christine},
   SORTNAME = {Cleuziou, Guillaume and Buscaldi, Davide and Dias, Gael and Levorato, Vincent and Largeron, Christine},
   TITLE = {QASSIT: A Pretopological Framework for the Automatic Construction of Lexical Taxonomies from Raw Texts}}
@INPROCEEDINGS{semeval-067,
   AUTHOR = {Pontiki, Maria and Galanis, Dimitris and Papageorgiou, Haris and Manandhar, Suresh and Androutsopoulos, Ion},
   SORTNAME = {Pontiki, Maria and Galanis, Dimitris and Papageorgiou, Haris and Manandhar, Suresh and Androutsopoulos, Ion},
   TITLE = {SemEval-2015 Task 12: Aspect Based Sentiment Analysis}}
@INPROCEEDINGS{semeval-068,
   AUTHOR = {Feng, Yukun and Deng, Qiao and Yu, Dong},
   SORTNAME = {Feng, Yukun and Deng, Qiao and Yu, Dong},
   TITLE = {BLCUNLP: Corpus Pattern Analysis for Verbs Based on Dependency Chain}}
@INPROCEEDINGS{semeval-069,
   AUTHOR = {Hamdan, Hussam and Bellot, Patrice and Bechet, Frederic},
   SORTNAME = {Hamdan, Hussam and Bellot, Patrice and Bechet, Frederic},
   TITLE = {Lsislif: CRF and Logistic Regression for Opinion Target Extraction and Sentiment Polarity Analysis}}
@INPROCEEDINGS{semeval-007,
   AUTHOR = {Hou, Yongshuai and Tan, Cong and Wang, Xiaolong and Zhang, Yaoyun and Xu, Jun and Chen, Qingcai},
   SORTNAME = {Hou, Yongshuai and Tan, Cong and Wang, Xiaolong and Zhang, Yaoyun and Xu, Jun and Chen, Qingcai},
   TITLE = {HITSZ-ICRC: Exploiting Classification Approach for Answer Selection in Community Question Answering}}
@INPROCEEDINGS{semeval-070,
   AUTHOR = {Moro, Andrea and Navigli, Roberto},
   SORTNAME = {Moro, Andrea and Navigli, Roberto},
   TITLE = {SemEval-2015 Task 13: Multilingual All-Words Sense Disambiguation and Entity Linking}}
@INPROCEEDINGS{semeval-071,
   AUTHOR = {Buscaldi, Davide and Garcia Flores, Jorge and Meza, Ivan V. and Rodriguez, Isaac},
   SORTNAME = {Buscaldi, Davide and Garcia Flores, Jorge and Meza, Ivan V. and Rodriguez, Isaac},
   TITLE = {SOPA: Random Forests Regression for the Semantic Textual Similarity task}}
@INPROCEEDINGS{semeval-072,
   AUTHOR = {Bordea, Georgeta and Buitelaar, Paul and Faralli, Stefano and Navigli, Roberto},
   SORTNAME = {Bordea, Georgeta and Buitelaar, Paul and Faralli, Stefano and Navigli, Roberto},
   TITLE = {SemEval-2015 Task 17: Taxonomy Extraction Evaluation (TExEval)}}
@INPROCEEDINGS{semeval-073,
   AUTHOR = {Guha, Satarupa and Joshi, Aditya and Varma, Vasudeva},
   SORTNAME = {Guha, Satarupa and Joshi, Aditya and Varma, Vasudeva},
   TITLE = {SIEL: Aspect Based Sentiment Analysis in Reviews}}
@INPROCEEDINGS{semeval-074,
   AUTHOR = {Recski, Gábor and Ács, Judit},
   SORTNAME = {Recski, Gabor and Acs, Judit},
   TITLE = {MathLingBudapest: Concept Networks for Semantic Similarity}}
@INPROCEEDINGS{semeval-075,
   AUTHOR = {Shanumuga Sundaram, Mahalakshmi and Madasamy, Anand Kumar and Kotti Padannayil, Soman},
   SORTNAME = {Shanumuga Sundaram, Mahalakshmi and Madasamy, Anand Kumar and Kotti Padannayil, Soman},
   TITLE = {AMRITA\_CEN\@SemEval-2015: Paraphrase Detection for Twitter using Unsupervised Feature Learning with Recursive Autoencoders}}
@INPROCEEDINGS{semeval-076,
   AUTHOR = {Giménez, Mayte and Pla, Ferran and Hurtado, Lluís-F.},
   SORTNAME = {Gimenez, Mayte and Pla, Ferran and Hurtado, Lluis-F.},
   TITLE = {ELiRF: A SVM Approach for SA tasks in Twitter at SemEval-2015}}
@INPROCEEDINGS{semeval-077,
   AUTHOR = {Hagen, Matthias and Potthast, Martin and Büchner, Michel and Stein, Benno},
   SORTNAME = {Hagen, Matthias and Potthast, Martin and Buchner, Michel and Stein, Benno},
   TITLE = {Webis: An Ensemble for Twitter Sentiment Detection}}
@INPROCEEDINGS{semeval-078,
   AUTHOR = {Minard, Anne-Lyse and Speranza, Manuela and Agirre, Eneko and Aldabe, Itziar and van Erp, Marieke and Magnini, Bernardo and Rigau, German and Urizar, Ruben},
   SORTNAME = {Minard, Anne-Lyse and Speranza, Manuela and Agirre, Eneko and Aldabe, Itziar and van Erp, Marieke and Magnini, Bernardo and Rigau, German and Urizar, Ruben},
   TITLE = {SemEval-2015 Task 4: TimeLine: Cross-Document Event Ordering}}
@INPROCEEDINGS{semeval-079,
   AUTHOR = {Guha, Satarupa and Joshi, Aditya and Varma, Vasudeva},
   SORTNAME = {Guha, Satarupa and Joshi, Aditya and Varma, Vasudeva},
   TITLE = {Sentibase: Sentiment Analysis in Twitter on a Budget}}
@INPROCEEDINGS{semeval-008,
   AUTHOR = {Tripodi, Rocco and Pelillo, Marcello},
   SORTNAME = {Tripodi, Rocco and Pelillo, Marcello},
   TITLE = {WSD-games: a Game-Theoretic Algorithm for Unsupervised Word Sense Disambiguation}}
@INPROCEEDINGS{semeval-080,
   AUTHOR = {Nichols, Eric and Botros, Fadi},
   SORTNAME = {Nichols, Eric and Botros, Fadi},
   TITLE = {SpRL-CWW: Spatial Relation Classification with Independent Multi-class Models}}
@INPROCEEDINGS{semeval-081,
   AUTHOR = {Apidianaki, Marianna and Gong, Li},
   SORTNAME = {Apidianaki, Marianna and Gong, Li},
   TITLE = {LIMSI: Translations as Source of Indirect Supervision for Multilingual All-Words Sense Disambiguation and Entity Linking}}
@INPROCEEDINGS{semeval-083,
   AUTHOR = {Zarrella, Guido and Henderson, John and Merkhofer, Elizabeth M. and Strickhart, Laura},
   SORTNAME = {Zarrella, Guido and Henderson, John and Merkhofer, Elizabeth M. and Strickhart, Laura},
   TITLE = {MITRE: Seven Systems for Semantic Similarity in Tweets}}
@INPROCEEDINGS{semeval-084,
   AUTHOR = {Szymanski, Terrence and Lynch, Gerard},
   SORTNAME = {Szymanski, Terrence and Lynch, Gerard},
   TITLE = {UCD : Diachronic Text Classification with Character, Word, and Syntactic N-grams}}
@INPROCEEDINGS{semeval-085,
   AUTHOR = {Caselli, Tommaso and Fokkens, Antske and Morante, Roser and Vossen, Piek},
   SORTNAME = {Caselli, Tommaso and Fokkens, Antske and Morante, Roser and Vossen, Piek},
   TITLE = {SPINOZA\_VU: An NLP Pipeline for Cross Document TimeLines}}
@INPROCEEDINGS{semeval-086,
   AUTHOR = {Severyn, Aliaksei and Moschitti, Alessandro},
   SORTNAME = {Severyn, Aliaksei and Moschitti, Alessandro},
   TITLE = {UNITN: Training Deep Convolutional Neural Network for Twitter Sentiment Classification}}
@INPROCEEDINGS{semeval-087,
   AUTHOR = {Fanta, Petr and Sudarikov, Roman and Bojar, Ondrej},
   SORTNAME = {Fanta, Petr and Sudarikov, Roman and Bojar, Ondrej},
   TITLE = {TeamUFAL: WSD+EL as Document Retrieval}}
@INPROCEEDINGS{semeval-088,
   AUTHOR = {Arora, Piyush and Hokamp, Chris and Foster, Jennifer and Jones, Gareth},
   SORTNAME = {Arora, Piyush and Hokamp, Chris and Foster, Jennifer and Jones, Gareth},
   TITLE = {DCU: Using Distributional Semantics and Domain Adaptation for the Semantic Textual Similarity SemEval-2015 Task 2}}
@INPROCEEDINGS{semeval-089,
   AUTHOR = {Heydari Alashty, Amin and Rahmani, Saeed and Roostaee, Meysam and Fakhrahmad, Mostafa},
   SORTNAME = {Heydari Alashty, Amin and Rahmani, Saeed and Roostaee, Meysam and Fakhrahmad, Mostafa},
   TITLE = {Shiraz: A Proposed List Wise Approach to Answer Validation}}
@INPROCEEDINGS{semeval-009,
   AUTHOR = {Rakib, Md Rashadul Hasan and Islam, Aminul and Milios, Evangelos},
   SORTNAME = {Rakib, Md Rashadul Hasan and Islam, Aminul and Milios, Evangelos},
   TITLE = {TrWP: Text Relatedness using Word and Phrase Relatedness}}
@INPROCEEDINGS{semeval-091,
   AUTHOR = {Mohamed, Reham and Ragab, Maha and Abdelnasser, Heba and M. El-Makky, Nagwa and Torki, Marwan},
   SORTNAME = {Mohamed, Reham and Ragab, Maha and Abdelnasser, Heba and M. El-Makky, Nagwa and Torki, Marwan},
   TITLE = {Al-Bayan: A Knowledge-based System for Arabic Answer Selection}}
@INPROCEEDINGS{semeval-092,
   AUTHOR = {Xu, Jun and Zhang, Yaoyun and Wang, Jingqi and Wu, Yonghui and Jiang, Min and Soysal, Ergin and Xu, Hua},
   SORTNAME = {Xu, Jun and Zhang, Yaoyun and Wang, Jingqi and Wu, Yonghui and Jiang, Min and Soysal, Ergin and Xu, Hua},
   TITLE = {UTH-CCB: The Participation of the SemEval 2015 Challenge --- Task 14}}
@INPROCEEDINGS{semeval-093,
   AUTHOR = {Basile, Pierpaolo and Novielli, Nicole},
   SORTNAME = {Basile, Pierpaolo and Novielli, Nicole},
   TITLE = {UNIBA: Sentiment Analysis of English Tweets Combining Micro-blogging, Lexicon and Semantic Features}}
@INPROCEEDINGS{semeval-094,
   AUTHOR = {Hernández Farías, Delia Irazú and Sulis, Emilio and Patti, Viviana and Ruffo, Giancarlo and Bosco, Cristina},
   SORTNAME = {Hernandez Farias, Delia Irazu and Sulis, Emilio and Patti, Viviana and Ruffo, Giancarlo and Bosco, Cristina},
   TITLE = {ValenTo: Sentiment Analysis of Figurative Language Tweets with Irony and Sarcasm}}
@INPROCEEDINGS{semeval-095,
   AUTHOR = {Kumar, Ayush and Krishna, Vamsi and Ekbal, Asif},
   SORTNAME = {Kumar, Ayush and Krishna, Vamsi and Ekbal, Asif},
   TITLE = {IITPSemEval: Sentiment Discovery from 140 Characters}}
@INPROCEEDINGS{semeval-096,
   AUTHOR = {Sultan, Md Arafat and Bethard, Steven and Sumner, Tamara},
   SORTNAME = {Sultan, Md Arafat and Bethard, Steven and Sumner, Tamara},
   TITLE = {DLS\@CU: Sentence Similarity from Word Alignment and Semantic Vector Composition}}
@INPROCEEDINGS{semeval-097,
   AUTHOR = {Ruiz, Pablo and Poibeau, Thierry},
   SORTNAME = {Ruiz, Pablo and Poibeau, Thierry},
   TITLE = {EL92: Entity Linking Combining Open Source Annotators via Weighted Voting}}
@INPROCEEDINGS{semeval-099,
   AUTHOR = {Saias, José},
   SORTNAME = {Saias, Jose},
   TITLE = {Sentiue: Target and Aspect based Sentiment Analysis in SemEval-2015 Task 12}}
