@INPROCEEDINGS{cmcl-010,
   AUTHOR = {van Schijndel, Marten and Murphy, Brian and Schuler, William},
   SORTNAME = {van Schijndel, Marten and Murphy, Brian and Schuler, William},
   TITLE = {Evidence of syntactic working memory usage in MEG data}}
@INPROCEEDINGS{cmcl-011,
   AUTHOR = {Phillips, Lawrence and Pearl, Lisa},
   SORTNAME = {Phillips, Lawrence and Pearl, Lisa},
   TITLE = {Utility-based evaluation metrics for models of language acquisition: A look at speech segmentation}}
@INPROCEEDINGS{cmcl-014,
   AUTHOR = {Doyle, Gabriel and Frank, Michael},
   SORTNAME = {Doyle, Gabriel and Frank, Michael},
   TITLE = {Audience size and contextual effects on information density in Twitter conversations}}
@INPROCEEDINGS{cmcl-015,
   AUTHOR = {Hale, John and Lutz, David and Luh, Wen-Ming and Brennan, Jonathan},
   SORTNAME = {Hale, John and Lutz, David and Luh, Wen-Ming and Brennan, Jonathan},
   TITLE = {Modeling fMRI time courses with linguistic structure at various grain sizes}}
@INPROCEEDINGS{cmcl-004,
   AUTHOR = {Jacobs, Cassandra L.},
   SORTNAME = {Jacobs, Cassandra L.},
   TITLE = {Predictions for self-priming from incremental updating models unifying comprehension and production}}
@INPROCEEDINGS{cmcl-005,
   AUTHOR = {Georgiladakis, Spiros and Iosif, Elias and Potamianos, Alexandros},
   SORTNAME = {Georgiladakis, Spiros and Iosif, Elias and Potamianos, Alexandros},
   TITLE = {Fusion of Compositional Network-based and Lexical Function Distributional Semantic Models}}
@INPROCEEDINGS{cmcl-006,
   AUTHOR = {Noble, Bill and Fernandez, Raquel},
   SORTNAME = {Noble, Bill and Fernandez, Raquel},
   TITLE = {Centre Stage: How Social Network Position Shapes Linguistic Coordination}}
@INPROCEEDINGS{cmcl-007,
   AUTHOR = {Xu, Yang and Reitter, David},
   SORTNAME = {Xu, Yang and Reitter, David},
   TITLE = {An Evaluation and Comparison of Linguistic Alignment Measures}}
@INPROCEEDINGS{cmcl-008,
   AUTHOR = {Wang, Yafei and Yen, John and Reitter, David},
   SORTNAME = {Wang, Yafei and Yen, John and Reitter, David},
   TITLE = {Pragmatic Alignment on Social Support Type in Health Forum Conversations}}
@INPROCEEDINGS{cmcl-009,
   AUTHOR = {Greenberg, Clayton and Demberg, Vera and Sayeed, Asad},
   SORTNAME = {Greenberg, Clayton and Demberg, Vera and Sayeed, Asad},
   TITLE = {Verb polysemy and frequency effects in thematic fit modeling}}
